@article{controlexchange,
  title = {Controllable exchange coupling between two singlet-triplet qubits},
  author = {Li, Rui and Hu, Xuedong and You, J. Q.},
  journal = {Phys. Rev. B},
  volume = {86},
  issue = {20},
  pages = {205306},
  numpages = {8},
  year = {2012},
  month = {Nov},
  publisher = {American Physical Society},
  doi = {10.1103/PhysRevB.86.205306},
  url = {https://link.aps.org/doi/10.1103/PhysRevB.86.205306}
}


@article{jelena1,
  title = {Fast long-distance control of spin qubits by photon-assisted cotunneling},
  author = {Stano, Peter and Klinovaja, Jelena and Braakman, Floris R. and Vandersypen, Lieven M. K. and Loss, Daniel},
  journal = {Phys. Rev. B},
  volume = {92},
  issue = {7},
  pages = {075302},
  numpages = {16},
  year = {2015},
  month = {Aug},
  publisher = {American Physical Society},
  doi = {10.1103/PhysRevB.92.075302},
  url = {https://link.aps.org/doi/10.1103/PhysRevB.92.075302}
}

	@article{dohertyqhe,
  title = {Long-range entanglement for spin qubits via quantum Hall edge modes},
  author = {Elman, Samuel J. and Bartlett, Stephen D. and Doherty, Andrew C.},
  journal = {Phys. Rev. B},
  volume = {96},
  issue = {11},
  pages = {115407},
  numpages = {12},
  year = {2017},
  month = {Sep},
  publisher = {American Physical Society},
  doi = {10.1103/PhysRevB.96.115407},
  url = {https://link.aps.org/doi/10.1103/PhysRevB.96.115407}
}



@article{leakage,
  title = {Universal leakage elimination},
  author = {Byrd, Mark S. and Lidar, Daniel A. and Wu, Lian-Ao and Zanardi, Paolo},
  journal = {Phys. Rev. A},
  volume = {71},
  issue = {5},
  pages = {052301},
  numpages = {14},
  year = {2005},
  month = {May},
  publisher = {American Physical Society},
  doi = {10.1103/PhysRevA.71.052301},
  url = {https://link.aps.org/doi/10.1103/PhysRevA.71.052301}
}

@article{wardrop,
  title = {Exchange-based two-qubit gate for singlet-triplet qubits},
  author = {Wardrop, Matthew P. and Doherty, Andrew C.},
  journal = {Phys. Rev. B},
  volume = {90},
  issue = {4},
  pages = {045418},
  numpages = {10},
  year = {2014},
  month = {Jul},
  publisher = {American Physical Society},
  doi = {10.1103/PhysRevB.90.045418},
  url = {https://link.aps.org/doi/10.1103/PhysRevB.90.045418}
}


@article{burkard,
  title = {Coupled quantum dots as quantum gates},
  author = {Burkard, Guido and Loss, Daniel and DiVincenzo, David P.},
  journal = {Phys. Rev. B},
  volume = {59},
  issue = {3},
  pages = {2070--2078},
  numpages = {0},
  year = {1999},
  month = {Jan},
  publisher = {American Physical Society},
  doi = {10.1103/PhysRevB.59.2070},
  url = {https://link.aps.org/doi/10.1103/PhysRevB.59.2070}
}

@article {petta,
	author = {Petta, J. R. and Johnson, A. C. and Taylor, J. M. and Laird, E. A. and Yacoby, A. and Lukin, M. D. and Marcus, C. M. and Hanson, M. P. and Gossard, A. C.},
	title = {Coherent Manipulation of Coupled Electron Spins in Semiconductor Quantum Dots},
	volume = {309},
	number = {5744},
	pages = {2180--2184},
	year = {2005},
	doi = {10.1126/science.1116955},
	publisher = {American Association for the Advancement of Science},
	issn = {0036-8075},
	URL = {http://science.sciencemag.org/content/309/5744/2180},
	journal = {Science}
}

@article{dassarma,
  title = {Generic Hubbard model description of semiconductor quantum-dot spin qubits},
  author = {Yang, Shuo and Wang, Xin and Das Sarma, S.},
  journal = {Phys. Rev. B},
  volume = {83},
  issue = {16},
  pages = {161301},
  numpages = {4},
  year = {2011},
  month = {Apr},
  publisher = {American Physical Society},
  doi = {10.1103/PhysRevB.83.161301},
  url = {https://link.aps.org/doi/10.1103/PhysRevB.83.161301}
}

@article{nphys174,
	Author = {Taylor, J. M. and Engel, H. -A. and D{\"u}r, W. and Yacoby, A. and Marcus, C. M. and Zoller, P. and Lukin, M. D.},
	Date = {2005/12/04/online},
	Day = {04},
	Journal = {Nature Physics},
	L3 = {10.1038/nphys174; },
	M3 = {Article},
	Month = {12},
	Pages = {177 EP  -},
	Publisher = {Nature Publishing Group SN  -},
	Title = {Fault-tolerant architecture for quantum computation using electrically controlled semiconductor spins},
	Ty = {JOUR},
	Url = {http://dx.doi.org/10.1038/nphys174},
  doi = {10.1038/nphys174},
	Volume = {1},
	Year = {2005},
	Bdsk-Url-1 = {http://dx.doi.org/10.1038/nphys174}}


  @Inbook{divcrit1,
  author={Divincenzo, D. P.},
  editor={Sohn, Lydia L.
  and Kouwenhoven, Leo P.
  and Sch{\"o}n, Gerd},
  title={Topics in Quantum Computers},
  bookTitle={Mesoscopic Electron Transport},
  year={1997},
  publisher={Springer Netherlands},
  address={Dordrecht},
  pages={657--677},
  isbn={978-94-015-8839-3},
  doi={10.1007/978-94-015-8839-3_18},
  url={http://dx.doi.org/10.1007/978-94-015-8839-3_18}
  }

@article{surfacecodes,
  title = {Surface codes: Towards practical large-scale quantum computation},
  author = {Fowler, Austin G. and Mariantoni, Matteo and Martinis, John M. and Cleland, Andrew N.},
  journal = {Phys. Rev. A},
  volume = {86},
  issue = {3},
  pages = {032324},
  numpages = {48},
  year = {2012},
  month = {Sep},
  publisher = {American Physical Society},
  doi = {10.1103/PhysRevA.86.032324},
  url = {http://link.aps.org/doi/10.1103/PhysRevA.86.032324}
}



@article{sensingdot,
  title = {Fast sensing of double-dot charge arrangement and spin state with a radio-frequency sensor quantum dot},
  author = {Barthel, C. and Kj\ae{}rgaard, M. and Medford, J. and Stopa, M. and Marcus, C. M. and Hanson, M. P. and Gossard, A. C.},
  journal = {Phys. Rev. B},
  volume = {81},
  issue = {16},
  pages = {161308},
  numpages = {4},
  year = {2010},
  month = {Apr},
  publisher = {American Physical Society},
  doi = {10.1103/PhysRevB.81.161308},
  url = {http://link.aps.org/doi/10.1103/PhysRevB.81.161308}
}


@article{croot,
	Author = {Colless, J. I. and Croot, X. G. and Stace, T. M. and Doherty, A. C. and Barrett, S. D. and Lu, H. and Gossard, A. C. and Reilly, D. J.},
	Date = {2014/04/23/online},
	Date-Added = {2016-10-05 00:03:29 +0000},
	Date-Modified = {2016-10-05 00:03:40 +0000},
	Day = {23},
	Journal = {Nat Commun},
	L3 = {10.1038/ncomms4716},
	M3 = {Article},
	Month = {04},
	Publisher = {Nature Publishing Group, a division of Macmillan Publishers Limited. All Rights Reserved.},
	Title = {Raman phonon emission in a driven double quantum dot},
	Ty = {JOUR},
	Url = {http://dx.doi.org/10.1038/ncomms4716},
  doi = {10.1038/ncomms4716},
	Volume = {5},
	Year = {2014},
	Bdsk-Url-1 = {http://dx.doi.org/10.1038/ncomms4716}}

@article{SAWexp2,
	Annote = {10.1038/nature10416},
	Author = {Hermelin, Sylvain and Takada, Shintaro and Yamamoto, Michihisa and Tarucha, Seigo and Wieck, Andreas D. and Saminadayar, Laurent and Bauerle, Christopher and Meunier, Tristan},
	Date = {2011/09/22/print},
	Date-Added = {2016-09-28 02:24:52 +0000},
	Date-Modified = {2016-09-28 02:25:12 +0000},
	Day = {22},
	Isbn = {0028-0836},
	Journal = {Nature},
	L3 = {http://www.nature.com/nature/journal/v477/n7365/abs/nature10416.html#supplementary-information},
	M3 = {10.1038/nature10416},
	Month = {09},
	Number = {7365},
	Pages = {435--438},
	Publisher = {Nature Publishing Group, a division of Macmillan Publishers Limited. All Rights Reserved.},
	Title = {Electrons surfing on a sound wave as a platform for quantum optics with flying electrons},
	Ty = {JOUR},
	Url = {http://dx.doi.org/10.1038/nature10416},
  doi = {10.1038/nature10416},
	Volume = {477},
	Year = {2011},
	Bdsk-Url-1 = {http://dx.doi.org/10.1038/nature10416}}


@article{SAWexp,
	Author = {Bertrand, B. and Hermelin, S. and Takada, S. and Yamamoto, M. and Tarucha, S. and Ludwig, A. and Wieck, A. D. and B{\"a}uerle, C. and Meunier, T.},
	Date = {2016/05/30/online},
	Date-Added = {2019-06-17 14:40:06 +1000},
	Date-Modified = {2019-06-17 14:40:06 +1000},
	Day = {30},
	Journal = {Nature Nanotechnology},
	L3 = {10.1038/nnano.2016.82; https://www.nature.com/articles/nnano.2016.82#supplementary-information},
	Month = {05},
	Pages = {672 EP  -},
	Publisher = {Nature Publishing Group SN  -},
	Title = {Fast spin information transfer between distant quantum dots using individual electrons},
	Ty = {JOUR},
	Url = {https://doi.org/10.1038/nnano.2016.82},
  doi = {10.1038/nnano.2016.82},
	Volume = {11},
	Year = {2016},
	Bdsk-Url-1 = {https://doi.org/10.1038/nnano.2016.82}}

@article{SAWtheory,
  title = {Universal Quantum Transducers Based on Surface Acoustic Waves},
  author = {Schuetz, M. J. A. and Kessler, E. M. and Giedke, G. and Vandersypen, L. M. K. and Lukin, M. D. and Cirac, J. I.},
  journal = {Phys. Rev. X},
  volume = {5},
  issue = {3},
  pages = {031031},
  numpages = {30},
  year = {2015},
  month = {Sep},
  publisher = {American Physical Society},
  doi = {10.1103/PhysRevX.5.031031},
  url = {http://link.aps.org/doi/10.1103/PhysRevX.5.031031}
}

@article{MarcusNotch,
  title = {Notch Filtering of the Nuclear Environment of a Spin Qubit},
  author = {F. K. Malinowski and F. Martins and P. D. Nissen and E. Barnes and L. Cywinski and M. S. Rudner and S. Fallahi and G. C. Gardner and M. J. Manfra and C. M. Marcus and F. Kuemmeth},
  journal = {arXiv:1601.06677v2 [cond-mat.mes-hall] },
  year = {2016},
  month = {Jan}
}


@article{gottesman,
  title = {Theory of fault-tolerant quantum computation},
  author = {Gottesman, Daniel},
  journal = {Phys. Rev. A},
  volume = {57},
  issue = {1},
  pages = {127--137},
  numpages = {0},
  year = {1998},
  month = {Jan},
  publisher = {American Physical Society},
  doi = {10.1103/PhysRevA.57.127},
  url = {http://link.aps.org/doi/10.1103/PhysRevA.57.127}
}

@article{andreev,
  title = {Coupling Spin Qubits via Superconductors},
  author = {Leijnse, Martin and Flensberg, Karsten},
  journal = {Phys. Rev. Lett.},
  volume = {111},
  issue = {6},
  pages = {060501},
  numpages = {5},
  year = {2013},
  month = {Aug},
  publisher = {American Physical Society},
  doi = {10.1103/PhysRevLett.111.060501},
  url = {http://link.aps.org/doi/10.1103/PhysRevLett.111.060501}
}



@article{QED,
  title = {Strong Coupling of Spin Qubits to a Transmission Line Resonator},
  author = {Jin, Pei-Qing and Marthaler, Michael and Shnirman, Alexander and Sch\"on, Gerd},
  journal = {Phys. Rev. Lett.},
  volume = {108},
  issue = {19},
  pages = {190506},
  numpages = {5},
  year = {2012},
  month = {May},
  publisher = {American Physical Society},
  url = {https://link.aps.org/doi/10.1103/PhysRevLett.108.190506},
  doi = {10.1103/PhysRevLett.108.190506}
}

@article{ferromagnet,
  title = {Long-Distance Entanglement of Spin Qubits via Ferromagnet},
  author = {Trifunovic, Luka and Pedrocchi, Fabio L. and Loss, Daniel},
  journal = {Phys. Rev. X},
  volume = {3},
  issue = {4},
  pages = {041023},
  numpages = {15},
  year = {2013},
  month = {Dec},
  publisher = {American Physical Society},
  doi = {10.1103/PhysRevX.3.041023},
  url = {http://link.aps.org/doi/10.1103/PhysRevX.3.041023}
}


@article{floatinggate,
  title = {Long-Distance Spin-Spin Coupling via Floating Gates},
  author = {Trifunovic, Luka and Dial, Oliver and Trif, Mircea and Wootton, James R. and Abebe, Rediet and Yacoby, Amir and Loss, Daniel},
  journal = {Phys. Rev. X},
  volume = {2},
  issue = {1},
  pages = {011006},
  numpages = {13},
  year = {2012},
  month = {Jan},
  publisher = {American Physical Society},
  doi = {10.1103/PhysRevX.2.011006},
  url = {http://link.aps.org/doi/10.1103/PhysRevX.2.011006}
}


@article{quantumhall,
  title = {Long-distance entanglement of spin qubits via quantum Hall edge states},
  author = {Yang, Guang and Hsu, Chen-Hsuan and Stano, Peter and Klinovaja, Jelena and Loss, Daniel},
  journal = {Phys. Rev. B},
  volume = {93},
  issue = {7},
  pages = {075301},
  numpages = {15},
  year = {2016},
  month = {Feb},
  publisher = {American Physical Society},
  doi = {10.1103/PhysRevB.93.075301},
  url = {http://link.aps.org/doi/10.1103/PhysRevB.93.075301}
}

@article{bluhm,
  title = {Two-qubit couplings of singlet-triplet qubits mediated by one quantum state},
  author = {Mehl, Sebastian and Bluhm, Hendrik and DiVincenzo, David P.},
  journal = {Phys. Rev. B},
  volume = {90},
  issue = {4},
  pages = {045404},
  numpages = {10},
  year = {2014},
  month = {Jul},
  publisher = {American Physical Society},
  doi = {10.1103/PhysRevB.90.045404},
  url = {http://link.aps.org/doi/10.1103/PhysRevB.90.045404}
}

@article{sigi,
	Author = { E. Kawakami and P. Scarlino and D. R. Ward and F. R. Braakman and D. E. Savage and M. G. Lagally and Mark Friesen and S. N. Coppersmith and M. A. Eriksson and  L. M. K. Vandersypen},
	Date = {2014/09//print},
	Date-Added = {2016-09-19 08:59:20 +0000},
	Date-Modified = {2016-09-19 09:00:11 +0000},
	Isbn = {1748-3387},
	Journal = {Nat Nano},
	L3 = {10.1038/nnano.2014.153; http://www.nature.com/nnano/journal/v9/n9/abs/nnano.2014.153.html#supplementary-information},
	M3 = {Letter},
	Month = {09},
	Number = {9},
	Pages = {666--670},
	Publisher = {Nature Publishing Group},
	Title = {Electrical control of a long-lived spin qubit in a Si/SiGe quantum dot},
	Ty = {JOUR},
	Url = {http://dx.doi.org/10.1038/nnano.2014.153},
	Volume = {9},
	Year = {2014},
	Bdsk-Url-1 = {http://dx.doi.org/10.1038/nnano.2014.153}}

@article {Shulman202,
	author = {Shulman, M. D. and Dial, O. E. and Harvey, S. P. and Bluhm, H. and Umansky, V. and Yacoby, A.},
	title = {Demonstration of Entanglement of Electrostatically Coupled Singlet-Triplet Qubits},
	volume = {336},
	number = {6078},
	pages = {202--205},
	year = {2012},
	doi = {10.1126/science.1217692},
	publisher = {American Association for the Advancement of Science},
	issn = {0036-8075},
	URL = {http://science.sciencemag.org/content/336/6078/202},
	journal = {Science}
}

@article{dispersivewallraff,
  title = {Dipole Coupling of a Double Quantum Dot to a Microwave Resonator},
  author = {Frey, T. and Leek, P. J. and Beck, M. and Blais, A. and Ihn, T. and Ensslin, K. and Wallraff, A.},
  journal = {Phys. Rev. Lett.},
  volume = {108},
  issue = {4},
  pages = {046807},
  numpages = {5},
  year = {2012},
  month = {Jan},
  publisher = {American Physical Society},
  doi = {10.1103/PhysRevLett.108.046807},
  url = {https://link.aps.org/doi/10.1103/PhysRevLett.108.046807}
}

@article{Malinowski,
  title = {Spin of a Multielectron Quantum Dot and Its Interaction with a Neighboring Electron},
  author = {Malinowski, Filip K. and Martins, Frederico and Smith, Thomas B. and Bartlett, Stephen D. and Doherty, Andrew C. and Nissen, Peter D. and Fallahi, Saeed and Gardner, Geoffrey C. and Manfra, Michael J. and Marcus, Charles M. and Kuemmeth, Ferdinand},
  journal = {Phys. Rev. X},
  volume = {8},
  issue = {1},
  pages = {011045},
  numpages = {23},
  year = {2018},
  month = {Mar},
  publisher = {American Physical Society},
  doi = {10.1103/PhysRevX.8.011045},
  url = {https://link.aps.org/doi/10.1103/PhysRevX.8.011045}
}

@article{Nnano_dzurak,
	Abstract = {Electron spins in silicon quantum dots provide a promising route towards realizing the large number of coupled qubits required for a useful quantum processor1--7. For the implementation of quantum algorithms and error detection8--10, qubit measurements are ideally performed in a single shot, which is presently achieved using on-chip charge sensors, capacitively coupled to the quantum dots11. However, as the number of qubits is increased, this approach becomes impractical due to the footprint and complexity of the charge sensors, combined with the required proximity to the quantum dots12. Alternatively, the spin state can be measured directly by detecting the complex impedance of spin-dependent electron tunnelling between quantum dots13--15. This can be achieved using radiofrequency reflectometry on a single gate electrode defining the quantum dot itself15--19, significantly reducing the gate count and architectural complexity, but thus far it has not been possible to achieve single-shot spin readout using this technique. Here, we detect single electron tunnelling in a double quantum dot and demonstrate that gate-based sensing can be used to read out the electron spin state in a single shot, with an average readout fidelity of 73{\%}. The result demonstrates a key step towards the readout of many spin qubits in parallel, using a compact gate design that will be needed for a large-scale semiconductor quantum processor.},
	Author = {West, A. and Hensen, B. and Jouan, A. and Tanttu, T. and Yang, C. and Rossi, A. and Gonzalez-Zalba, M. F. and Hudson, F. and Morello, A. and Reilly, D. J. and Dzurak, A. S.},
	Da = {2019/05/01},
	Date-Added = {2019-05-13 05:40:21 +0000},
	Date-Modified = {2019-05-13 05:40:21 +0000},
	Doi = {10.1038/s41565-019-0400-7},
	Id = {West2019},
	Isbn = {1748-3395},
	Journal = {Nature Nanotechnology},
	Number = {5},
	Pages = {437--441},
	Title = {Gate-based single-shot readout of spins in silicon},
	Ty = {JOUR},
	Url = {https://doi.org/10.1038/s41565-019-0400-7},
	Volume = {14},
	Year = {2019},
	Bdsk-Url-1 = {https://doi.org/10.1038/s41565-019-0400-7}
}

@article{fernando1,
	Author = {Gonzalez-Zalba, M. F. and Barraud, S. and Ferguson, A. J. and Betz, A. C.},
	Date = {2015/01/20/online},
	Date-Added = {2019-05-13 05:41:51 +0000},
	Date-Modified = {2019-05-13 05:41:51 +0000},
	Day = {20},
	Journal = {Nature Communications},
	L3 = {10.1038/ncomms7084; https://www.nature.com/articles/ncomms7084#supplementary-information},
	M3 = {Article},
	Month = {01},
	Pages = {6084 EP  -},
	Publisher = {Nature Publishing Group, a division of Macmillan Publishers Limited. All Rights Reserved. SN  -},
	Title = {Probing the limits of gate-based charge sensing},
	Ty = {JOUR},
	Url = {https://doi.org/10.1038/ncomms7084},
  doi = {10.1038/ncomms7084},
	Volume = {6},
	Year = {2015},
	Bdsk-Url-1 = {https://doi.org/10.1038/ncomms7084}
}

@article{PhysRevApplied.10.014018,
  title = {Radio-Frequency Capacitive Gate-Based Sensing},
  author = {Ahmed, I. and Haigh, J. A. and Schaal, S. and Barraud, S. and Zhu, Y. and Lee, C. and Amado, M. and Robinson, J. W. A. and Rossi, A. and Morton, J. J. L. and Gonzalez-Zalba, M. F.},
  journal = {Phys. Rev. Applied},
  volume = {10},
  issue = {1},
  pages = {014018},
  numpages = {9},
  year = {2018},
  month = {Jul},
  publisher = {American Physical Society},
  doi = {10.1103/PhysRevApplied.10.014018},
  url = {https://link.aps.org/doi/10.1103/PhysRevApplied.10.014018}
}


@article{PhysRevX.8.041032,
  title = {Single-Shot Single-Gate rf Spin Readout in Silicon},
  author = {Pakkiam, P. and Timofeev, A. V. and House, M. G. and Hogg, M. R. and Kobayashi, T. and Koch, M. and Rogge, S. and Simmons, M. Y.},
  journal = {Phys. Rev. X},
  volume = {8},
  issue = {4},
  pages = {041032},
  numpages = {6},
  year = {2018},
  month = {Nov},
  publisher = {American Physical Society},
  doi = {10.1103/PhysRevX.8.041032},
  url = {https://link.aps.org/doi/10.1103/PhysRevX.8.041032}
}

@article{Reilly:2007ig,
author = {Reilly,D. J.  and Marcus,C. M.  and Hanson,M. P.  and Gossard,A. C. },
title = {Fast single-charge sensing with a rf quantum point contact},
journal = {Applied Physics Letters},
volume = {91},
number = {16},
pages = {162101},
year = {2007},
doi = {10.1063/1.2794995},
}

@article{Devoret_schoel,
	Annote = {10.1038/35023253},
	Author = {Devoret, Michel H. and Schoelkopf, Robert J.},
	Date = {2000/08/31/print},
	Date-Added = {2015-04-19 16:22:30 +0000},
	Date-Modified = {2015-04-19 16:22:30 +0000},
	Day = {31},
	Isbn = {0028-0836},
	Journal = {Nature},
	M3 = {10.1038/35023253},
	Month = {08},
	Number = {6799},
	Pages = {1039--1046},
	Title = {Amplifying quantum signals with the single-electron transistor},
	Ty = {JOUR},
	Url = {http://dx.doi.org/10.1038/35023253},
  doi = {10.1038/35023253},
	Volume = {406},
	Year = {2000},
	Bdsk-Url-1 = {http://dx.doi.org/10.1038/35023253}
	}

@article{PhysRevB.41.7929,
  title = {Potential fluctuations in heterostructure devices},
  author = {Nixon, John A. and Davies, John H.},
  journal = {Phys. Rev. B},
  volume = {41},
  issue = {11},
  pages = {7929--7932},
  numpages = {0},
  year = {1990},
  month = {Apr},
  publisher = {American Physical Society},
  doi = {10.1103/PhysRevB.41.7929},
  url = {https://link.aps.org/doi/10.1103/PhysRevB.41.7929}
}

@article{PhysRevLett.70.1311,
  title = {Measurements of Coulomb blockade with a noninvasive voltage probe},
  author = {Field, M. and Smith, C. G. and Pepper, M. and Ritchie, D. A. and Frost, J. E. F. and Jones, G. A. C. and Hasko, D. G.},
  journal = {Phys. Rev. Lett.},
  volume = {70},
  issue = {9},
  pages = {1311--1314},
  numpages = {0},
  year = {1993},
  month = {Mar},
  publisher = {American Physical Society},
  doi = {10.1103/PhysRevLett.70.1311},
  url = {http://link.aps.org/doi/10.1103/PhysRevLett.70.1311}
}

@article{Finkelstein90,
	Author = {Finkelstein, G. and Glicofridis, P. I. and Ashoori, R. C. and Shayegan, M.},
	Doi = {10.1126/science.289.5476.90},
	Issn = {0036-8075},
	Journal = {Science},
	Number = {5476},
	Pages = {90--94},
	Publisher = {American Association for the Advancement of Science},
	Title = {Topographic Mapping of the Quantum Hall Liquid Using a Few-Electron Bubble},
	Url = {http://science.sciencemag.org/content/289/5476/90},
	Volume = {289},
	Year = {2000},
	Bdsk-Url-1 = {http://science.sciencemag.org/content/289/5476/90},
	Bdsk-Url-2 = {http://dx.doi.org/10.1126/science.289.5476.90}
	}

@article{PhysRevB.84.115442,
  title = {Disorder-induced temperature-dependent transport in graphene: Puddles, impurities, activation, and diffusion},
  author = {Li, Qiuzi and Hwang, E. H. and Das Sarma, S.},
  journal = {Phys. Rev. B},
  volume = {84},
  issue = {11},
  pages = {115442},
  numpages = {16},
  year = {2011},
  month = {Sep},
  publisher = {American Physical Society},
  doi = {10.1103/PhysRevB.84.115442},
  url = {https://link.aps.org/doi/10.1103/PhysRevB.84.115442}
}

@article{Yacoby_scanned,
	Annote = {10.1038/nphys781},
	Author = {Martin, J. and Akerman, N. and Ulbricht, G. and Lohmann, T. and Smet, J. H. and von Klitzing, K. and Yacoby, A.},
	Date = {2008/02//print},
	Date-Added = {2017-06-05 23:38:14 +0000},
	Date-Modified = {2017-06-05 23:38:14 +0000},
	Isbn = {1745-2473},
	Journal = {Nat Phys},
	L3 = {http://www.nature.com/nphys/journal/v4/n2/suppinfo/nphys781_S1.html},
	M3 = {10.1038/nphys781},
	Month = {02},
	Number = {2},
	Pages = {144--148},
	Publisher = {Nature Publishing Group},
	Title = {Observation of electron-hole puddles in graphene using a scanning single-electron transistor},
	Ty = {JOUR},
	Url = {http://dx.doi.org/10.1038/nphys781},
  doi = {10.1038/nphys781},
	Volume = {4},
	Year = {2008},
	Bdsk-Url-1 = {http://dx.doi.org/10.1038/nphys781}
}

@article{TRACY2006150,
  title = "Surface acoustic wave propagation and inhomogeneities in low-density two-dimensional electron systems near the metal–insulator transition",
  journal = "Solid State Communications",
  volume = "137",
  number = "3",
  pages = "150 - 153",
  year = "2006",
  issn = "0038-1098",
  doi = "10.1016/j.ssc.2005.10.028",
  url = "http://www.sciencedirect.com/science/article/pii/S0038109805008975",
  author = "L.A. Tracy and J.P. Eisenstein and M.P. Lilly and L.N. Pfeiffer and K.W. West",
  keywords = "71.30.+h, 73.40.−c, 72.50.+b, A. Two-dimensional election systems, D. Metal–insulator transition, E. Surface acoustic waves",
}

@article{Ashoori_science,
	Abstract = {Increases in the gate capacitance of field-effect transistor structures allow the production of lower-power devices that are compatible with higher clock rates, driving the race for developing high-? dielectrics. However, many-body effects in an electronic system can also enhance capacitance. Onto the electron system that forms at the LaAlO3/SrTiO3 interface, we fabricated top-gate electrodes that can fully deplete the interface of all mobile electrons. Near depletion, we found a greater than 40\% enhancement of the gate capacitance. Using an electric-field penetration measurement method, we show that this capacitance originates from a negative compressibility of the interface electron system. Capacitance enhancement exists at room temperature and arises at low electron densities, in which disorder is strong and the in-plane conductance is much smaller than the quantum conductance.},
	Author = {Li, Lu and Richter, C. and Paetel, S. and Kopp, T. and Mannhart, J. and Ashoori, R. C.},
	Doi = {10.1126/science.1204168},
	Issn = {0036-8075},
	Journal = {Science},
	Number = {6031},
	Pages = {825--828},
	Publisher = {American Association for the Advancement of Science},
	Title = {Very Large Capacitance Enhancement in a Two-Dimensional Electron System},
	Url = {http://science.sciencemag.org/content/332/6031/825},
	Volume = {332},
	Year = {2011},
	Bdsk-Url-1 = {http://science.sciencemag.org/content/332/6031/825},
	Bdsk-Url-2 = {http://dx.doi.org/10.1126/science.1204168}
}

@article{Ilani1354,
	Abstract = {A single electron transistor is used as a local electrostatic probe to study the underlying spatial structure of the metal-insulator transition in two dimensions. The measurements show that as we approach the transition from the metallic side, a new phase emerges that consists of weakly coupled fragments of the two-dimensional system. These fragments consist of localized charge that coexists with the surrounding metallic phase. As the density is lowered into the insulating phase, the number of fragments increases on account of the disappearing metallic phase. The measurements reveal that the metal-insulator transition is a result of the microscopic restructuring that occurs in the system.},
	Author = {Ilani, S. and Yacoby, A. and Mahalu, D. and Shtrikman, Hadas},
	Doi = {10.1126/science.1058645},
	Issn = {0036-8075},
	Journal = {Science},
	Number = {5520},
	Pages = {1354--1357},
	Publisher = {American Association for the Advancement of Science},
	Title = {Microscopic Structure of the Metal-Insulator Transition in Two Dimensions},
	Url = {http://science.sciencemag.org/content/292/5520/1354},
	Volume = {292},
	Year = {2001},
	Bdsk-Url-1 = {http://science.sciencemag.org/content/292/5520/1354},
	Bdsk-Url-2 = {http://dx.doi.org/10.1126/science.1058645}
}

@article{PhysRevLett.110.146804,
	Author = {Dial, O. E. and Shulman, M. D. and Harvey, S. P. and Bluhm, H. and Umansky, V. and Yacoby, A.},
	Date-Added = {2015-04-12 19:47:05 +0000},
	Date-Modified = {2015-04-12 19:47:05 +0000},
	Doi = {10.1103/PhysRevLett.110.146804},
	Issue = {14},
	Journal = {Phys. Rev. Lett.},
	Month = {Apr},
	Numpages = {5},
	Pages = {146804},
	Publisher = {American Physical Society},
	Title = {Charge Noise Spectroscopy Using Coherent Exchange Oscillations in a Singlet-Triplet Qubit},
	Url = {http://link.aps.org/doi/10.1103/PhysRevLett.110.146804},
	Volume = {110},
	Year = {2013},
	Bdsk-Url-1 = {http://link.aps.org/doi/10.1103/PhysRevLett.110.146804},
	Bdsk-Url-2 = {http://dx.doi.org/10.1103/PhysRevLett.110.146804}
}

@article{PhysRevB.72.115331,
  title = {Origin of switching noise in $\mathrm{GaAs}/\mathrm{Al}_{x}\mathrm{Ga}_{1-x}\mathrm{As}$ lateral gated devices},
  author = {Pioro-Ladri\`ere, M. and Davies, John H. and Long, A. R. and Sachrajda, A. S. and Gaudreau, Louis and Zawadzki, P. and Lapointe, J. and Gupta, J. and Wasilewski, Z. and Studenikin, S.},
  journal = {Phys. Rev. B},
  volume = {72},
  issue = {11},
  pages = {115331},
  numpages = {8},
  year = {2005},
  month = {Sep},
  publisher = {American Physical Society},
  doi = {10.1103/PhysRevB.72.115331},
  url = {https://link.aps.org/doi/10.1103/PhysRevB.72.115331}
}

@article{doi:10.1063/1.4868107,
author = {Hornibrook,J. M.  and Colless,J. I.  and Mahoney,A. C.  and Croot,X. G.  and Blanvillain,S.  and Lu,H.  and Gossard,A. C.  and Reilly,D. J. },
title = {Frequency multiplexing for readout of spin qubits},
journal = {Applied Physics Letters},
volume = {104},
number = {10},
pages = {103108},
year = {2014},
doi = {10.1063/1.4868107},
URL = {https://doi.org/10.1063/1.4868107},
eprint = {https://doi.org/10.1063/1.4868107}
}

@ARTICLE{MC_Paper,
       author = {{Jarratt}, M.~C. and {Jouan}, A. and {Mahoney}, A.~C. and
         {Waddy}, S.~J. and {Gardner}, G.~C. and {Fallahi}, S. and
         {Manfra}, M.~J. and {Reilly}, D.~J.},
        title = "Dispersive Gate Sensing the Quantum Capacitance of a Point Contact",
				journal = {arXiv preprint},
     keywords = {Condensed Matter - Mesoscale and Nanoscale Physics},
         year = "2019",
        month = "Mar",
          eid = {arXiv:1903.07793},
 primaryClass = {cond-mat.mes-hall},
       adsurl = {https://ui.adsabs.harvard.edu/abs/2019arXiv190307793J},
      adsnote = {Provided by the SAO/NASA Astrophysics Data System}
}

@article{PhysRevLett.89.246801,
  title = {Density-Dependent Spin Polarization in Ultra-Low-Disorder Quantum Wires},
  author = {Reilly, D. J. and Buehler, T. M. and O'Brien, J. L. and Hamilton, A. R. and Dzurak, A. S. and Clark, R. G. and Kane, B. E. and Pfeiffer, L. N. and West, K. W.},
  journal = {Phys. Rev. Lett.},
  volume = {89},
  issue = {24},
  pages = {246801},
  numpages = {4},
  year = {2002},
  month = {Nov},
  publisher = {American Physical Society},
  doi = {10.1103/PhysRevLett.89.246801},
  url = {https://link.aps.org/doi/10.1103/PhysRevLett.89.246801}
}

@article{PhysRevApplied.6.054013,
  title = {Scalable Gate Architecture for a One-Dimensional Array of Semiconductor Spin Qubits},
  author = {Zajac, D. M. and Hazard, T. M. and Mi, X. and Nielsen, E. and Petta, J. R.},
  journal = {Phys. Rev. Applied},
  volume = {6},
  issue = {5},
  pages = {054013},
  numpages = {8},
  year = {2016},
  month = {Nov},
  publisher = {American Physical Society},
  doi = {10.1103/PhysRevApplied.6.054013},
  url = {https://link.aps.org/doi/10.1103/PhysRevApplied.6.054013}
}