@article{qi2008topological,
  title = {Topological field theory of time-reversal invariant insulators},
  author = {Qi, Xiao-Liang and Hughes, Taylor L. and Zhang, Shou-Cheng},
  journal = {Phys. Rev. B},
  volume = {78},
  issue = {19},
  pages = {195424},
  numpages = {43},
  year = {2008},
  month = {Nov},
  publisher = {American Physical Society},
  doi = {10.1103/PhysRevB.78.195424},
  url = {https://link.aps.org/doi/10.1103/PhysRevB.78.195424}
}

@article{liu2008quantum,
  title = {Quantum Anomalous Hall Effect in ${\mathrm{Hg}}_{1\ensuremath{-}y}{\mathrm{Mn}}_{y}\mathrm{Te}$ Quantum Wells},
  author = {Liu, Chao-Xing and Qi, Xiao-Liang and Dai, Xi and Fang, Zhong and Zhang, Shou-Cheng},
  journal = {Phys. Rev. Lett.},
  volume = {101},
  issue = {14},
  pages = {146802},
  numpages = {4},
  year = {2008},
  month = {Oct},
  publisher = {American Physical Society},
  doi = {10.1103/PhysRevLett.101.146802},
  url = {https://link.aps.org/doi/10.1103/PhysRevLett.101.146802}
}

@article {yu2010quantized,
	author = {Yu, Rui and Zhang, Wei and Zhang, Hai-Jun and Zhang, Shou-Cheng and Dai, Xi and Fang, Zhong},
	title = {Quantized Anomalous Hall Effect in Magnetic Topological Insulators},
	volume = {329},
	number = {5987},
	pages = {61--64},
	year = {2010},
	doi = {10.1126/science.1187485},
	publisher = {American Association for the Advancement of Science},
	issn = {0036-8075},
	URL = {https://science.sciencemag.org/content/329/5987/61},
	eprint = {https://science.sciencemag.org/content/329/5987/61.full.pdf},
	journal = {Science}
}

@article{qi2011topological,
  title = {Topological insulators and superconductors},
  author = {Qi, Xiao-Liang and Zhang, Shou-Cheng},
  journal = {Rev. Mod. Phys.},
  volume = {83},
  issue = {4},
  pages = {1057--1110},
  numpages = {0},
  year = {2011},
  month = {Oct},
  publisher = {American Physical Society},
  doi = {10.1103/RevModPhys.83.1057},
  url = {https://link.aps.org/doi/10.1103/RevModPhys.83.1057}
}

@article{nomura2011surface,
  title = {Surface-Quantized Anomalous Hall Current and the Magnetoelectric Effect in Magnetically Disordered Topological Insulators},
  author = {Nomura, Kentaro and Nagaosa, Naoto},
  journal = {Phys. Rev. Lett.},
  volume = {106},
  issue = {16},
  pages = {166802},
  numpages = {4},
  year = {2011},
  month = {Apr},
  publisher = {American Physical Society},
  doi = {10.1103/PhysRevLett.106.166802},
  url = {https://link.aps.org/doi/10.1103/PhysRevLett.106.166802}
}

@article{haldane1988model,
  title = {Model for a Quantum Hall Effect without Landau Levels: Condensed-Matter Realization of the "Parity Anomaly"},
  author = {Haldane, F. D. M.},
  journal = {Phys. Rev. Lett.},
  volume = {61},
  issue = {18},
  pages = {2015--2018},
  numpages = {0},
  year = {1988},
  month = {Oct},
  publisher = {American Physical Society},
  doi = {10.1103/PhysRevLett.61.2015},
  url = {https://link.aps.org/doi/10.1103/PhysRevLett.61.2015}
}

@article{hasan2010colloquium,
  title = {Colloquium: Topological insulators},
  author = {Hasan, M. Z. and Kane, C. L.},
  journal = {Rev. Mod. Phys.},
  volume = {82},
  issue = {4},
  pages = {3045--3067},
  numpages = {0},
  year = {2010},
  month = {Nov},
  publisher = {American Physical Society},
  doi = {10.1103/RevModPhys.82.3045},
  url = {https://link.aps.org/doi/10.1103/RevModPhys.82.3045}
}

@article {chang2013experimental,
	author = {Chang, Cui-Zu and Zhang, Jinsong and Feng, Xiao and Shen, Jie and Zhang, Zuocheng and Guo, Minghua and Li, Kang and Ou, Yunbo and Wei, Pang and Wang, Li-Li and Ji, Zhong-Qing and Feng, Yang and Ji, Shuaihua and Chen, Xi and Jia, Jinfeng and Dai, Xi and Fang, Zhong and Zhang, Shou-Cheng and He, Ke and Wang, Yayu and Lu, Li and Ma, Xu-Cun and Xue, Qi-Kun},
	title = {Experimental Observation of the Quantum Anomalous Hall Effect in a Magnetic Topological Insulator},
	volume = {340},
	number = {6129},
	pages = {167--170},
	year = {2013},
	doi = {10.1126/science.1234414},
	publisher = {American Association for the Advancement of Science},
	issn = {0036-8075},
	URL = {https://science.sciencemag.org/content/340/6129/167},
	eprint = {https://science.sciencemag.org/content/340/6129/167.full.pdf},
	journal = {Science}
}

@article{kou2014scale,
  title = {Scale-Invariant Quantum Anomalous Hall Effect in Magnetic Topological Insulators beyond the Two-Dimensional Limit},
  author = {Kou, Xufeng and Guo, Shih-Ting and Fan, Yabin and Pan, Lei and Lang, Murong and Jiang, Ying and Shao, Qiming and Nie, Tianxiao and Murata, Koichi and Tang, Jianshi and Wang, Yong and He, Liang and Lee, Ting-Kuo and Lee, Wei-Li and Wang, Kang L.},
  journal = {Phys. Rev. Lett.},
  volume = {113},
  issue = {13},
  pages = {137201},
  numpages = {5},
  year = {2014},
  month = {Sep},
  publisher = {American Physical Society},
  doi = {10.1103/PhysRevLett.113.137201},
  url = {https://link.aps.org/doi/10.1103/PhysRevLett.113.137201}
}


@article{checkelsky2014trajectory,
	Author = {Checkelsky, J. G. and Yoshimi, R. and Tsukazaki, A. and Takahashi, K. S. and Kozuka, Y. and Falson, J. and Kawasaki, M. and Tokura, Y.},
	Date = {2014/08/17/online},
	Date-Added = {2019-05-29 17:39:15 +1000},
	Date-Modified = {2019-05-29 17:39:15 +1000},
	Day = {17},
	Journal = {Nature Physics},
	L3 = {10.1038/nphys3053; https://www.nature.com/articles/nphys3053#supplementary-information},
	Month = {08},
	Pages = {731 EP  -},
	Publisher = {Nature Publishing Group SN  -},
	Title = {Trajectory of the anomalous Hall effect towards the quantized state in a ferromagnetic topological insulator},
	Ty = {JOUR},
	Url = {https://doi.org/10.1038/nphys3053},
	Volume = {10},
	Year = {2014},
	Bdsk-Url-1 = {https://doi.org/10.1038/nphys3053}}


@article{chang2015high,
	Author = {Chang, Cui-Zu and Zhao, Weiwei and Kim, Duk Y. and Zhang, Haijun and Assaf, Badih A. and Heiman, Don and Zhang, Shou-Cheng and Liu, Chaoxing and Chan, Moses H. W. and Moodera, Jagadeesh S.},
	Date = {2015/03/02/online},
	Date-Added = {2019-05-29 17:39:45 +1000},
	Date-Modified = {2019-05-29 17:39:45 +1000},
	Day = {02},
	Journal = {Nature Materials},
	L3 = {10.1038/nmat4204; https://www.nature.com/articles/nmat4204#supplementary-information},
	Month = {03},
	Pages = {473 EP  -},
	Publisher = {Nature Publishing Group SN  -},
	Title = {High-precision realization of robust quantum anomalous Hall state in a hard ferromagnetic topological insulator},
	Ty = {JOUR},
	Url = {https://doi.org/10.1038/nmat4204},
	Volume = {14},
	Year = {2015},
	Bdsk-Url-1 = {https://doi.org/10.1038/nmat4204}}

@ARTICLE{volkov1988edge,
   author = {{Volkov}, V.~A. and {Mikhailov}, S.~A.},
    title = "{Edge magnetoplasmons - Low-frequency weakly damped excitations in homogeneous two-dimensional electron systems}",
  journal = {Zhurnal Eksperimentalnoi i Teoreticheskoi Fiziki},
 keywords = {Electron Plasma, Plasma Oscillations, Plasmons, Semiconductor Plasmas, Hall Effect, Heterojunctions, Liquid Helium, Magnetic Fields},
     year = 1988,
    month = aug,
   volume = 94,
    pages = {217-241},
   adsurl = {https://ui.adsabs.harvard.edu/abs/1988ZhETF..94..217V},
  adsnote = {Provided by the SAO/NASA Astrophysics Data System}
}


@ARTICLE{ashoori1992edge,
   author = {{Ashoori}, R.~C. and {Stormer}, H.~L. and {Pfeiffer}, L.~N. and
	{Baldwin}, K.~W. and {West}, K.},
    title = "{Edge magnetoplasmons in the time domain}",
  journal = {Phys. Rev. B},
 keywords = {Collective excitations, Galvanomagnetic and other magnetotransport effects, Collective modes, Galvanomagnetic and other magnetotransport effects},
     year = 1992,
    month = feb,
   volume = 45,
    pages = {3894-3897},
      doi = {10.1103/PhysRevB.45.3894},
   adsurl = {https://ui.adsabs.harvard.edu/abs/1992PhRvB..45.3894A},
  adsnote = {Provided by the SAO/NASA Astrophysics Data System}
}

@article{talyanskii1992spectroscopy,
  title = {Spectroscopy of a two-dimensional electron gas in the quantum-Hall-effect regime by use of low-frequency edge magnetoplasmons},
  author = {Talyanskii, V. I. and Polisski, A. V. and Arnone, D. D. and Pepper, M. and Smith, C. G. and Ritchie, D. A. and Frost, J. E. and Jones, G. A. C.},
  journal = {Phys. Rev. B},
  volume = {46},
  issue = {19},
  pages = {12427--12432},
  numpages = {0},
  year = {1992},
  month = {Nov},
  publisher = {American Physical Society},
  doi = {10.1103/PhysRevB.46.12427},
  url = {https://link.aps.org/doi/10.1103/PhysRevB.46.12427}
}

@article{mahoney2016chip,
  title = {On-Chip Microwave Quantum Hall Circulator},
  author = {Mahoney, A. C. and Colless, J. I. and Pauka, S. J. and Hornibrook, J. M. and Watson, J. D. and Gardner, G. C. and Manfra, M. J. and Doherty, A. C. and Reilly, D. J.},
  journal = {Phys. Rev. X},
  volume = {7},
  issue = {1},
  pages = {011007},
  numpages = {9},
  year = {2017},
  month = {Jan},
  publisher = {American Physical Society},
  doi = {10.1103/PhysRevX.7.011007},
  url = {https://link.aps.org/doi/10.1103/PhysRevX.7.011007}
}

@article{bosco2016self,
  title = {Self-Impedance-Matched Hall-Effect Gyrators and Circulators},
  author = {Bosco, S. and Haupt, F. and DiVincenzo, D. P.},
  journal = {Phys. Rev. Applied},
  volume = {7},
  issue = {2},
  pages = {024030},
  numpages = {7},
  year = {2017},
  month = {Feb},
  publisher = {American Physical Society},
  doi = {10.1103/PhysRevApplied.7.024030},
  url = {https://link.aps.org/doi/10.1103/PhysRevApplied.7.024030}
}

@article {Rudner_PNAS,
	author = {Song, Justin C. W. and Rudner, Mark S.},
	title = {Chiral plasmons without magnetic field},
	volume = {113},
	number = {17},
	pages = {4658--4663},
	year = {2016},
	doi = {10.1073/pnas.1519086113},
	publisher = {National Academy of Sciences},
	issn = {0027-8424},
	URL = {https://www.pnas.org/content/113/17/4658},
	eprint = {https://www.pnas.org/content/113/17/4658.full.pdf},
	journal = {Proceedings of the National Academy of Sciences}
}

@article{kumar2016chiral,
  title = {Chiral plasmon in gapped Dirac systems},
  author = {Kumar, Anshuman and Nemilentsau, Andrei and Fung, Kin Hung and Hanson, George and Fang, Nicholas X. and Low, Tony},
  journal = {Phys. Rev. B},
  volume = {93},
  issue = {4},
  pages = {041413},
  numpages = {5},
  year = {2016},
  month = {Jan},
  publisher = {American Physical Society},
  doi = {10.1103/PhysRevB.93.041413},
  url = {https://link.aps.org/doi/10.1103/PhysRevB.93.041413}
}

@article{bestwick2015precise,
  title = {Precise Quantization of the Anomalous Hall Effect near Zero Magnetic Field},
  author = {Bestwick, A. J. and Fox, E. J. and Kou, Xufeng and Pan, Lei and Wang, Kang L. and Goldhaber-Gordon, D.},
  journal = {Phys. Rev. Lett.},
  volume = {114},
  issue = {18},
  pages = {187201},
  numpages = {5},
  year = {2015},
  month = {May},
  publisher = {American Physical Society},
  doi = {10.1103/PhysRevLett.114.187201},
  url = {https://link.aps.org/doi/10.1103/PhysRevLett.114.187201}
}

@article{kamata2010voltage,
  title = {Voltage-controlled group velocity of edge magnetoplasmon in the quantum Hall regime},
  author = {Kamata, H. and Ota, T. and Muraki, K. and Fujisawa, T.},
  journal = {Phys. Rev. B},
  volume = {81},
  issue = {8},
  pages = {085329},
  numpages = {5},
  year = {2010},
  month = {Feb},
  publisher = {American Physical Society},
  doi = {10.1103/PhysRevB.81.085329},
  url = {https://link.aps.org/doi/10.1103/PhysRevB.81.085329}
}

@article{kumada2011edge,
  title = {Edge magnetoplasmon transport in gated and ungated quantum Hall systems},
  author = {Kumada, N. and Kamata, H. and Fujisawa, T.},
  journal = {Phys. Rev. B},
  volume = {84},
  issue = {4},
  pages = {045314},
  numpages = {6},
  year = {2011},
  month = {Jul},
  publisher = {American Physical Society},
  doi = {10.1103/PhysRevB.84.045314},
  url = {https://link.aps.org/doi/10.1103/PhysRevB.84.045314}
}

@article{petkovic2013carrier,
  title = {Carrier Drift Velocity and Edge Magnetoplasmons in Graphene},
  author = {Petkovi\ifmmode \acute{c}\else \'{c}\fi{}, I. and Williams, F. I. B. and Bennaceur, K. and Portier, F. and Roche, P. and Glattli, D. C.},
  journal = {Phys. Rev. Lett.},
  volume = {110},
  issue = {1},
  pages = {016801},
  numpages = {5},
  year = {2013},
  month = {Jan},
  publisher = {American Physical Society},
  doi = {10.1103/PhysRevLett.110.016801},
  url = {https://link.aps.org/doi/10.1103/PhysRevLett.110.016801}
}


@article{kumada2013plasmon,
	Author = {Kumada, N. and Tanabe, S. and Hibino, H. and Kamata, H. and Hashisaka, M. and Muraki, K. and Fujisawa, T.},
	Date = {2013/01/15/online},
	Date-Added = {2019-05-29 17:47:59 +1000},
	Date-Modified = {2019-05-29 17:47:59 +1000},
	Day = {15},
	Journal = {Nature Communications},
	L3 = {10.1038/ncomms2353; https://www.nature.com/articles/ncomms2353#supplementary-information},
	M3 = {Article},
	Month = {01},
	Pages = {1363 EP  -},
	Publisher = {The Author(s) SN  -},
	Title = {Plasmon transport in graphene investigated by time-resolved electrical measurements},
	Ty = {JOUR},
	Url = {https://doi.org/10.1038/ncomms2353},
	Volume = {4},
	Year = {2013},
	Bdsk-Url-1 = {https://doi.org/10.1038/ncomms2353}}

@article{kumada2014resonant,
  title = {Resonant Edge Magnetoplasmons and Their Decay in Graphene},
  author = {Kumada, N. and Roulleau, P. and Roche, B. and Hashisaka, M. and Hibino, H. and Petkovi\ifmmode \acute{c}\else \'{c}\fi{}, I. and Glattli, D. C.},
  journal = {Phys. Rev. Lett.},
  volume = {113},
  issue = {26},
  pages = {266601},
  numpages = {5},
  year = {2014},
  month = {Dec},
  publisher = {American Physical Society},
  doi = {10.1103/PhysRevLett.113.266601},
  url = {https://link.aps.org/doi/10.1103/PhysRevLett.113.266601}
}

@Article{placke2016model,
  author="Placke, B.
  and Bosco, S.
  and DiVincenzo, DP",
  title="A model study of present-day Hall-effect circulators",
  journal="EPJ Quantum Technology",
  year="2017",
  month="Apr",
  day="17",
  volume="4",
  number="1",
  pages="5",
  issn="2196-0763",
  doi="10.1140/epjqt/s40507-017-0057-9",
  url="https://doi.org/10.1140/epjqt/s40507-017-0057-9"
}

@article{PhysRevLett.115.057206,
  title = {Zero-Field Dissipationless Chiral Edge Transport and the Nature of Dissipation in the Quantum Anomalous Hall State},
  author = {Chang, Cui-Zu and Zhao, Weiwei and Kim, Duk Y. and Wei, Peng and Jain, J. K. and Liu, Chaoxing and Chan, Moses H. W. and Moodera, Jagadeesh S.},
  journal = {Phys. Rev. Lett.},
  volume = {115},
  issue = {5},
  pages = {057206},
  numpages = {5},
  year = {2015},
  month = {Jul},
  publisher = {American Physical Society},
  doi = {10.1103/PhysRevLett.115.057206},
  url = {https://link.aps.org/doi/10.1103/PhysRevLett.115.057206}
}

@article{wang2013anomalous,
  title = {Anomalous Edge Transport in the Quantum Anomalous Hall State},
  author = {Wang, Jing and Lian, Biao and Zhang, Haijun and Zhang, Shou-Cheng},
  journal = {Phys. Rev. Lett.},
  volume = {111},
  issue = {8},
  pages = {086803},
  numpages = {5},
  year = {2013},
  month = {Aug},
  publisher = {American Physical Society},
  doi = {10.1103/PhysRevLett.111.086803},
  url = {https://link.aps.org/doi/10.1103/PhysRevLett.111.086803}
}

@article{wang2014universal,
  title = {Universal scaling of the quantum anomalous Hall plateau transition},
  author = {Wang, Jing and Lian, Biao and Zhang, Shou-Cheng},
  journal = {Phys. Rev. B},
  volume = {89},
  issue = {8},
  pages = {085106},
  numpages = {8},
  year = {2014},
  month = {Feb},
  publisher = {American Physical Society},
  doi = {10.1103/PhysRevB.89.085106},
  url = {https://link.aps.org/doi/10.1103/PhysRevB.89.085106}
}


@article{kou2015metal,
	Author = {Kou, Xufeng and Pan, Lei and Wang, Jing and Fan, Yabin and Choi, Eun Sang and Lee, Wei-Li and Nie, Tianxiao and Murata, Koichi and Shao, Qiming and Zhang, Shou-Cheng and Wang, Kang L.},
	Date = {2015/10/07/online},
	Date-Added = {2019-05-29 17:50:34 +1000},
	Date-Modified = {2019-05-29 17:50:34 +1000},
	Day = {07},
	Journal = {Nature Communications},
	L3 = {10.1038/ncomms9474; https://www.nature.com/articles/ncomms9474#supplementary-information},
	M3 = {Article},
	Month = {10},
	Pages = {8474 EP  -},
	Publisher = {The Author(s) SN  -},
	Title = {Metal-to-insulator switching in quantum anomalous Hall states},
	Ty = {JOUR},
	Url = {https://doi.org/10.1038/ncomms9474},
	Volume = {6},
	Year = {2015},
	Bdsk-Url-1 = {https://doi.org/10.1038/ncomms9474}}

@article{feng2015observation,
  title = {Observation of the Zero Hall Plateau in a Quantum Anomalous Hall Insulator},
  author = {Feng, Yang and Feng, Xiao and Ou, Yunbo and Wang, Jing and Liu, Chang and Zhang, Liguo and Zhao, Dongyang and Jiang, Gaoyuan and Zhang, Shou-Cheng and He, Ke and Ma, Xucun and Xue, Qi-Kun and Wang, Yayu},
  journal = {Phys. Rev. Lett.},
  volume = {115},
  issue = {12},
  pages = {126801},
  numpages = {5},
  year = {2015},
  month = {Sep},
  publisher = {American Physical Society},
  doi = {10.1103/PhysRevLett.115.126801},
  url = {https://link.aps.org/doi/10.1103/PhysRevLett.115.126801}
}


@article{li2016origin,
	Author = {Li, W. and Claassen, M. and Chang, Cui-Zu and Moritz, B. and Jia, T. and Zhang, C. and Rebec, S. and Lee, J. J. and Hashimoto, M. and Lu, D. -H. and Moore, R. G. and Moodera, J. S. and Devereaux, T. P. and Shen, Z. -X.},
	Date = {2016/09/07/online},
	Date-Added = {2019-05-29 17:51:34 +1000},
	Date-Modified = {2019-05-29 17:51:34 +1000},
	Day = {07},
	Journal = {Scientific Reports},
	L3 = {10.1038/srep32732; https://www.nature.com/articles/srep32732#supplementary-information},
	M3 = {Article},
	Month = {09},
	Pages = {32732 EP  -},
	Publisher = {The Author(s) SN  -},
	Title = {Origin of the low critical observing temperature of the quantum anomalous Hall effect in V-doped (Bi, Sb)2Te3 film},
	Ty = {JOUR},
	Url = {https://doi.org/10.1038/srep32732},
	Volume = {6},
	Year = {2016},
	Bdsk-Url-1 = {https://doi.org/10.1038/srep32732}}

@article{fleury2014sound,
  title={Sound isolation and giant linear nonreciprocity in a compact acoustic circulator},
  author={Fleury, R. and Sounas, D. L. and Sieck, C. F. and Haberman, M. R. and Al{\`u}, A.},
  journal={Science},
  volume={343},
  number={6170},
  pages={516--519},
  year={2014},
  publisher={American Association for the Advancement of Science}
}

@article{feng2011nonreciprocal,
	title={Nonreciprocal light propagation in a silicon photonic circuit},
	author={Feng, L. and Ayache, M. and Huang, J. and Xu, Y.L. and Lu, M.H. and Chen, Y.F. and Fainman, Y. and Scherer, A.},
	journal={Science},
	volume={333},
	number={6043},
	pages={729--733},
	year={2011},
	publisher={American Association for the Advancement of Science}
}

@article{bi2011chip,
	title={On-chip optical isolation in monolithically integrated non-reciprocal optical resonators},
	author={Bi, L. and Hu, J. and Jiang, P. and Kim, D.H. and Dionne, G.F. and Kimerling, L.C. and Ross, C.A.},
	journal={Nature Photonics},
	volume={5},
	number={12},
	pages={758--762},
	year={2011},
	publisher={Nature Publishing Group}
}

@article{estep2014magnetic,
	title={Magnetic-free non-reciprocity and isolation based on parametrically modulated coupled-resonator loops},
	author={Estep, N.A. and Sounas, D.L. and Soric, J. and Al{\`u}, A.},
	journal={Nature Physics},
	volume={10},
	number={12},
	pages={923--927},
	year={2014},
	publisher={Nature Publishing Group}
}

@article{stace2004mesoscopic,
	title={Mesoscopic one-way channels for quantum state transfer via the Quantum Hall Effect},
	author={Stace, T.M. and Barnes, C.H.W. and Milburn, G.J.},
	journal={Physical review letters},
	volume={93},
	number={12},
	pages={126804},
	year={2004},
	publisher={APS}
}

@article{kerckhoff2015chip,
	title={On-chip superconducting microwave circulator from synthetic rotation},
	author={Kerckhoff, J. and Lalumi{\`e}re, K. and Chapman, B.J. and Blais, A. and Lehnert, K.W.},
	journal={Physical Review Applied},
	volume={4},
	number={3},
	pages={034002},
	year={2015},
	publisher={APS}
}

@article{abdo2013directional,
	title={Directional amplification with a Josephson circuit},
	author={Abdo, B. and Sliwa, K. and Frunzio, L. and Devoret, M.},
	journal={Physical Review X},
	volume={3},
	number={3},
	pages={031001},
	year={2013},
	publisher={APS}
}

@article{sliwa2015reconfigurable,
	title={Reconfigurable Josephson Circulator/Directional Amplifier},
	author={Sliwa, K.M. and Hatridge, M. and Narla, A. and Shankar, S. and Frunzio, L. and Schoelkopf, R.J. and Devoret, M.H.},
	journal={Physical Review X},
	volume={5},
	number={4},
	pages={041020},
	year={2015},
	publisher={APS}
}

@article{mason1953hall,
	title={Hall Effect Modulators and``Gyrators''Employing Magnetic Field Independent Orientations in Germanium},
	author={Mason, W.P. and Hewitt, W.H. and Wick, R.F.},
	journal={Journal of Applied Physics},
	volume={24},
	number={2},
	pages={166--175},
	year={1953},
	publisher={AIP Publishing}
}

@article{wick1954solution,
	title={Solution of the field problem of the germanium gyrator},
	author={Wick, R.F.},
	journal={Journal of Applied Physics},
	volume={25},
	number={6},
	pages={741--756},
	year={1954},
	publisher={AIP Publishing}
}

@article{buttiker1988absence,
	title={Absence of backscattering in the quantum Hall effect in multiprobe conductors},
	author={B{\"u}ttiker, M.},
	journal={Physical Review B},
	volume={38},
	number={14},
	pages={9375},
	year={1988},
	publisher={APS}
}

@article{barthel2009rapid,
	title={Rapid single-shot measurement of a singlet-triplet qubit},
	author={Barthel, C. and Reilly, D.J. and Marcus, C.M. and Hanson, M.P. and Gossard, A.C.},
	journal={Physical Review Letters},
	volume={103},
	number={16},
	pages={160503},
	year={2009},
	publisher={APS}
}

@article{PhysRevLett.110.046805,
  title = {Dispersive Readout of a Few-Electron Double Quantum Dot with Fast rf Gate Sensors},
  author = {Colless, J. I. and Mahoney, A. C. and Hornibrook, J. M. and Doherty, A. C. and Lu, H. and Gossard, A. C. and Reilly, D. J.},
  journal = {Phys. Rev. Lett.},
  volume = {110},
  issue = {4},
  pages = {046805},
  numpages = {5},
  year = {2013},
  month = {Jan},
  publisher = {American Physical Society},
  doi = {10.1103/PhysRevLett.110.046805},
  url = {https://link.aps.org/doi/10.1103/PhysRevLett.110.046805}
}

@article{miroshnichenko2010fano,
	title={Fano resonances in nanoscale structures},
	author={Miroshnichenko, A.E. and Flach, S. and Kivshar, Y.S.},
	journal={Reviews of Modern Physics},
	volume={82},
	number={3},
	pages={2257},
	year={2010},
	publisher={APS}
}

@article{talyanskii1990edge,
	title={Edge magnetoplasmons in the quantum Hall effect regime},
	author={Talyanskii, V.K. and Wassermeier, M. and Wixforth, A. and Oshinowo, J. and Kotthaus, J.P. and Batov, I.E. and Weimann, G. and Nickel, H. and Schlapp, W.},
	journal={Surface Science},
	volume={229},
	number={1-3},
	pages={40--42},
	year={1990},
	publisher={Elsevier}
}

@article{zhitenev1994experimental,
	title={Experimental determination of the dispersion of edge magnetoplasmons confined in edge channels},
	author={Zhitenev, N.B. and Haug, R.J. and Klitzing, K. v and Eberl, K.},
	journal={Physical Review B},
	volume={49},
	number={11},
	pages={7809},
	year={1994},
	publisher={APS}
}

@article{cano2013microwave,
	title={Microwave absorption by a mesoscopic quantum Hall droplet},
	author={Cano, J. and Doherty, A.C. and Nayak, C. and Reilly, D.J.},
	journal={Physical Review B},
	volume={88},
	number={16},
	pages={165305},
	year={2013},
	publisher={APS}
}

@article{balaban1997observation,
	title={Observation of the logarithmic dispersion of high-frequency edge excitations},
	author={Balaban, N.Q. and Meirav, U. and Shtrikman, H. and Umansky, V.},
	journal={Physical Review B},
	volume={55},
	number={20},
	pages={R13397},
	year={1997},
	publisher={APS}
}

@article{kamata2014fractionalized,
	title={Fractionalized wave packets from an artificial Tomonaga-Luttinger liquid},
	author={Kamata, H. and Kumada, N. and Hashisaka, M. and Muraki, K. and Fujisawa, T.},
	journal={Nature nanotechnology},
	volume={9},
	number={3},
	pages={177--181},
	year={2014},
	publisher={Nature Publishing Group}
}

@article{mast1985observation,
  title={Observation of bulk and edge magnetoplasmons in a two-dimensional electron fluid},
  author={Mast, D.B. and Dahm, A.J. and Fetter, A.L.},
  journal={Physical review letters},
  volume={54},
  number={15},
  pages={1706},
  year={1985},
  publisher={APS}
}

@article{glattli1985dynamical,
  title={Dynamical Hall effect in a two-dimensional classical plasma},
  author={Glattli, D.C. and Andrei, E.Y. and Deville, G. and Poitrenaud, J. and Williams, F.I.B.},
  journal={Physical review letters},
  volume={54},
  number={15},
  pages={1710},
  year={1985},
  publisher={APS}
}

@article{andrei1988low,
  title={Low frequency collective excitations in the quantum-Hall system},
  author={Andrei, E.Y. and Glattli, D.C. and Williams, F.I.B. and Heiblum, M.},
  journal={Surface Science},
  volume={196},
  number={1},
  pages={501--506},
  year={1988},
  publisher={Elsevier}
}

@article{druist1998observation,
	title={Observation of chiral surface states in the integer quantum Hall Effect},
	author={Druist, D.P. and Turley, P.J. and Maranowski, K.D. and Gwinn, E.G. and Gossard, A.C.},
	journal={Physical review letters},
	volume={80},
	number={2},
	pages={365},
	year={1998},
	publisher={APS}
}

@article{pioro2008electrically,
	title={Electrically driven single-electron spin resonance in a slanting Zeeman field},
	author={Pioro-Ladriere, M. and Obata, T. and Tokura, Y. and Shin, Y-S. and Kubo, T. and Yoshida, K. and Taniyama, T. and Tarucha, S.},
	journal={Nature Physics},
	volume={4},
	number={10},
	pages={776--779},
	year={2008},
	publisher={Nature Publishing Group}
}
