@online{nobel1956,
  publisher = {Nobel Media AB},
  title = {The Nobel Prize in Physics 1956},
  year = 2019,
  url = {https://www.nobelprize.org/prizes/physics/1956/summary/},
  urldate = {2019-05-24}
}

@online{nobel2000,
  publisher = {Nobel Media AB},
  title = {The Nobel Prize in Physics 2000},
  year = 2019,
  url = {https://www.nobelprize.org/prizes/physics/2000/summary/},
  urldate = {2019-05-24}
}

@ARTICLE{4785860,
    author={G. E. {Moore}},
    journal={IEEE Solid-State Circuits Society Newsletter},
    title={Cramming more components onto integrated circuits, Reprinted from Electronics, volume 38, number 8, April 19, 1965, pp.114 ff.},
    year={2006},
    volume={11},
    number={3},
    pages={33-35},
    keywords={Integrated circuits;Computers;Silicon;Films;Heating;Microwave amplifiers;Data mining},
    doi={10.1109/N-SSC.2006.4785860},
    ISSN={1098-4232},
    month={Sep.}
}

@book{Bowden:1953:FTS:1102044,
 editor = {Bowden, B. V.},
 title = {Faster Than Thought: A Symposium on Digital Computing Machines},
 year = {1953},
 publisher = {Pitman Publishing, Inc.},
 address = {Marshfield, MA, USA},
} 

@phdthesis{turingthesis,
  author       = {Alan Turing}, 
  title        = {Systems of Logic Based on Ordinals},
  school       = {Princeton University},
  year         = 1938,
  month        = 5,
}

@Book{kaye2007an,
 author = {Kaye, Phillip},
 title = {An introduction to quantum computing},
 publisher = {Oxford University Press},
 year = {2007},
 address = {Oxford},
 isbn = {9780198570493}
 }

 @article{cross_2016, 
    title={After Moore's law: Double, double, toil and trouble}, 
    url={https://www.economist.com/technology-quarterly/2016-03-12/after-moores-law}, 
    journal={The Economist}, 
    author={Cross, Tim}, 
    year={2016}, 
    month={Mar},
    note={License Number: 4595811377314}
}

@article{doi:10.1098/rspa.1985.0070,
    author = {David Deutsch  and Roger Penrose },
    title = {Quantum theory, the Church\&\#x2013;Turing principle and the universal quantum computer},
    journal = {Proceedings of the Royal Society of London. A. Mathematical and Physical Sciences},
    volume = {400},
    number = {1818},
    pages = {97-117},
    year = {1985},
    doi = {10.1098/rspa.1985.0070},
    URL = {https://royalsocietypublishing.org/doi/abs/10.1098/rspa.1985.0070},
    eprint = {https://royalsocietypublishing.org/doi/pdf/10.1098/rspa.1985.0070}
}


@article{ncomms5213,
	Author = {Peruzzo, Alberto and McClean, Jarrod and Shadbolt, Peter and Yung, Man-Hong and Zhou, Xiao-Qi and Love, Peter J. and Aspuru-Guzik, Al{\'a}n and O'Brien, Jeremy L.},
	Date = {2014/07/23/online},
	Date-Added = {2019-05-25 19:43:38 +1000},
	Date-Modified = {2019-05-25 19:43:38 +1000},
	Day = {23},
	Journal = {Nature Communications},
	L3 = {10.1038/ncomms5213; https://www.nature.com/articles/ncomms5213#supplementary-information},
	M3 = {Article},
	Month = {07},
	Pages = {4213 EP  -},
	Publisher = {The Author(s) SN  -},
	Title = {A variational eigenvalue solver on a photonic quantum processor},
	Ty = {JOUR},
	Url = {https://doi.org/10.1038/ncomms5213},
	Volume = {5},
	Year = {2014},
	Bdsk-Url-1 = {https://doi.org/10.1038/ncomms5213}
}

@article{doi:10.1142/S0219749913500019,
  author = {McKAGUE, MATTHEW},
  title = {ON THE POWER QUANTUM COMPUTATION OVER REAL HILBERT SPACES},
  journal = {International Journal of Quantum Information},
  volume = {11},
  number = {01},
  pages = {1350001},
  year = {2013},
  doi = {10.1142/S0219749913500019},
  URL = {https://doi.org/10.1142/S0219749913500019},
  eprint = {https://doi.org/10.1142/S0219749913500019}
}

@ARTICLE{2004quant.ph..1062A,
       author = {{Aaronson}, Scott},
        title = "{Is Quantum Mechanics An Island In Theoryspace?}",
      journal = {arXiv e-prints},
     keywords = {Quantum Physics},
         year = "2004",
        month = "Jan",
          eid = {quant-ph/0401062},
        pages = {quant-ph/0401062},
archivePrefix = {arXiv},
       eprint = {quant-ph/0401062},
 primaryClass = {quant-ph},
       adsurl = {https://ui.adsabs.harvard.edu/abs/2004quant.ph..1062A},
      adsnote = {Provided by the SAO/NASA Astrophysics Data System}
}

@inbook{Nielsen:rot,
    author = {Nielsen, Michael and Chuang, Isaac},
    title = {Quantum Computation and Quantum Information},
    year = {2000},
    isbn = {0521632358},
    publisher = {Cambridge University Press},
    address = {New York, NY, USA},
    chapter = 4,
} 

@article{doi:10.1098/rspa.2002.1097,
  author = {Richard Jozsa  and Noah Linden },
  title = {On the role of entanglement in quantum-computational speed-up},
  journal = {Proceedings of the Royal Society of London. Series A: Mathematical, Physical and Engineering Sciences},
  volume = {459},
  number = {2036},
  pages = {2011-2032},
  year = {2003},
  doi = {10.1098/rspa.2002.1097},
  URL = {https://royalsocietypublishing.org/doi/abs/10.1098/rspa.2002.1097},
  eprint = {https://royalsocietypublishing.org/doi/pdf/10.1098/rspa.2002.1097}
}

@article{PhysRevA.54.1034,
  title = {Efficient networks for quantum factoring},
  author = {Beckman, David and Chari, Amalavoyal N. and Devabhaktuni, Srikrishna and Preskill, John},
  journal = {Phys. Rev. A},
  volume = {54},
  issue = {2},
  pages = {1034--1063},
  numpages = {0},
  year = {1996},
  month = {Aug},
  publisher = {American Physical Society},
  doi = {10.1103/PhysRevA.54.1034},
  url = {https://link.aps.org/doi/10.1103/PhysRevA.54.1034}
}

@ARTICLE{651037,
  author={A. S. {Holevo}},
  journal={IEEE Transactions on Information Theory},
  title={The capacity of the quantum channel with general signal states},
  year={1998},
  volume={44},
  number={1},
  pages={269-273},
  keywords={quantum theory;probability;channel capacity;error statistics;entropy;quantum channel capacity;general signal states;entropy bound;a priori distributions;quantum communication theory;error probability;Quantum mechanics;Quantum computing;Entropy;Codes;Communication channels;Hilbert space;Probability distribution;Physics;Error probability;Optical sensors},
  doi={10.1109/18.651037},
  ISSN={0018-9448},
  month={Jan},
}

@article{divincenzo_crit,
  author = {DiVincenzo, David P.},
  title = {The Physical Implementation of Quantum Computation},
  journal = {Fortschritte der Physik},
  volume = {48},
  number = {9‚Äê11},
  pages = {771-783},
  doi = {10.1002/1521-3978(200009)48:9/11<771::AID-PROP771>3.0.CO;2-E},
  url = {https://onlinelibrary.wiley.com/doi/abs/10.1002/1521-3978%28200009%2948%3A9/11%3C771%3A%3AAID-PROP771%3E3.0.CO%3B2-E},
  eprint = {https://onlinelibrary.wiley.com/doi/pdf/10.1002/1521-3978%28200009%2948%3A9/11%3C771%3A%3AAID-PROP771%3E3.0.CO%3B2-E},
  year = {2000}
}

