@article{AasenPRX16,
  title = {Milestones Toward Majorana-Based Quantum Computing},
  author = {Aasen, David and Hell, Michael and Mishmash, Ryan V. and Higginbotham, Andrew and Danon, Jeroen and Leijnse, Martin and Jespersen, Thomas S. and Folk, Joshua A. and Marcus, Charles M. and Flensberg, Karsten and Alicea, Jason},
  journal = {Phys. Rev. X},
  volume = {6},
  issue = {3},
  pages = {031016},
  numpages = {28},
  year = {2016},
  month = {Aug},
  publisher = {American Physical Society},
  doi = {10.1103/PhysRevX.6.031016},
  url = {https://link.aps.org/doi/10.1103/PhysRevX.6.031016}
}

@article{Non-Abelian,
	Author = {Alicea, Jason and Oreg, Yuval and Refael, Gil and von Oppen, Felix and Fisher, Matthew P. A.},
	Date = {2011/02/13/online},
	Date-Added = {2019-06-21 18:37:30 +1000},
	Date-Modified = {2019-06-21 18:37:30 +1000},
	Day = {13},
	Journal = {Nature Physics},
	L3 = {10.1038/nphys1915; https://www.nature.com/articles/nphys1915#supplementary-information},
	M3 = {Article},
	Month = {02},
	Pages = {412 EP  -},
	Publisher = {Nature Publishing Group SN  -},
	Title = {Non-Abelian statistics and topological quantum information processing in 1D wire networks},
	Ty = {JOUR},
	Url = {https://doi.org/10.1038/nphys1915},
    doi = {10.1038/nphys1915},
	Volume = {7},
	Year = {2011},
	Bdsk-Url-1 = {https://doi.org/10.1038/nphys1915}}

@article {MT1,
	author = {Deng, M. T. and Vaitiekenas, S. and Hansen, E. B. and Danon, J. and Leijnse, M. and Flensberg, K. and Nyg{\r a}rd, J. and Krogstrup, P. and Marcus, C. M.},
	title = {Majorana bound state in a coupled quantum-dot hybrid-nanowire system},
	volume = {354},
	number = {6319},
	pages = {1557--1562},
	year = {2016},
	doi = {10.1126/science.aaf3961},
	publisher = {American Association for the Advancement of Science},
	issn = {0036-8075},
	URL = {http://science.sciencemag.org/content/354/6319/1557},
	eprint = {http://science.sciencemag.org/content/354/6319/1557.full.pdf},
	journal = {Science}
}

@article{Lossqpp,
  title = {Majorana qubit decoherence by quasiparticle poisoning},
  author = {Rainis, Diego and Loss, Daniel},
  journal = {Phys. Rev. B},
  volume = {85},
  issue = {17},
  pages = {174533},
  numpages = {10},
  year = {2012},
  month = {May},
  publisher = {American Physical Society},
  doi = {10.1103/PhysRevB.85.174533},
  url = {https://link.aps.org/doi/10.1103/PhysRevB.85.174533}
}

@article{paritylifetime,
	Author = {Higginbotham, A. P. and Albrecht, S. M. and Kir{\v s}anskas, G. and Chang, W. and Kuemmeth, F. and Krogstrup, P. and Jespersen, T. S. and Nyg{\aa}rd, J. and Flensberg, K. and Marcus, C. M.},
	Date = {2015/09/14/online},
	Date-Added = {2019-06-21 18:36:53 +1000},
	Date-Modified = {2019-06-21 18:36:53 +1000},
	Day = {14},
	Journal = {Nature Physics},
	L3 = {10.1038/nphys3461; https://www.nature.com/articles/nphys3461#supplementary-information},
	Month = {09},
	Pages = {1017 EP  -},
	Publisher = {Nature Publishing Group SN  -},
	Title = {Parity lifetime of bound states in a proximitized semiconductor nanowire},
	Ty = {JOUR},
	Url = {https://doi.org/10.1038/nphys3461},
	Volume = {11},
	Year = {2015},
	Bdsk-Url-1 = {https://doi.org/10.1038/nphys3461}}

@article{SCq3,
  title = {Rabi Oscillations in a Large Josephson-Junction Qubit},
  author = {Martinis, John M. and Nam, S. and Aumentado, J. and Urbina, C.},
  journal = {Phys. Rev. Lett.},
  volume = {89},
  issue = {11},
  pages = {117901},
  numpages = {4},
  year = {2002},
  month = {Aug},
  publisher = {American Physical Society},
  doi = {10.1103/PhysRevLett.89.117901},
  url = {https://link.aps.org/doi/10.1103/PhysRevLett.89.117901}
}

@article{SCq2,
	Author = {Wallraff, A. and Schuster, D. I. and Blais, A. and Frunzio, L. and Huang, R. - S. and Majer, J. and Kumar, S. and Girvin, S. M. and Schoelkopf, R. J.},
	Da = {2004/09/01},
	Date-Added = {2019-06-21 18:36:16 +1000},
	Date-Modified = {2019-06-21 18:36:16 +1000},
	Doi = {10.1038/nature02851},
	Id = {Wallraff2004},
	Isbn = {1476-4687},
	Journal = {Nature},
	Number = {7005},
	Pages = {162--167},
	Title = {Strong coupling of a single photon to a superconducting qubit using circuit quantum electrodynamics},
	Ty = {JOUR},
	Url = {https://doi.org/10.1038/nature02851},
	Volume = {431},
	Year = {2004},
	Bdsk-Url-1 = {https://doi.org/10.1038/nature02851}}

@article{SCq1,
  title = {Approaching Unit Visibility for Control of a Superconducting Qubit with Dispersive Readout},
  author = {Wallraff, A. and Schuster, D. I. and Blais, A. and Frunzio, L. and Majer, J. and Devoret, M. H. and Girvin, S. M. and Schoelkopf, R. J.},
  journal = {Phys. Rev. Lett.},
  volume = {95},
  issue = {6},
  pages = {060501},
  numpages = {4},
  year = {2005},
  month = {Aug},
  publisher = {American Physical Society},
  doi = {10.1103/PhysRevLett.95.060501},
  url = {https://link.aps.org/doi/10.1103/PhysRevLett.95.060501}
}

@article{SCq4,
  title = {Gatemon Benchmarking and Two-Qubit Operations},
  author = {Casparis, L. and Larsen, T. W. and Olsen, M. S. and Kuemmeth, F. and Krogstrup, P. and Nyg\aa{}rd, J. and Petersson, K. D. and Marcus, C. M.},
  journal = {Phys. Rev. Lett.},
  volume = {116},
  issue = {15},
  pages = {150505},
  numpages = {5},
  year = {2016},
  month = {Apr},
  publisher = {American Physical Society},
  doi = {10.1103/PhysRevLett.116.150505},
  url = {https://link.aps.org/doi/10.1103/PhysRevLett.116.150505}
}

@article {Reilley1,
	author = {Reilly, D. J. and Taylor, J. M. and Petta, J. R. and Marcus, C. M. and Hanson, M. P. and Gossard, A. C.},
	title = {Suppressing Spin Qubit Dephasing by Nuclear State Preparation},
	volume = {321},
	number = {5890},
	pages = {817--821},
	year = {2008},
	doi = {10.1126/science.1159221},
	publisher = {American Association for the Advancement of Science},
	issn = {0036-8075},
	URL = {http://science.sciencemag.org/content/321/5890/817},
	eprint = {http://science.sciencemag.org/content/321/5890/817.full.pdf},
	journal = {Science}
}

@article{duncan,
author = {Duncan,David S.  and Livermore,Carol  and Westervelt,Robert M.  and Maranowski,Kevin D.  and Gossard,Arthur C. },
title = {Direct measurement of the destruction of charge quantization in a single-electron box},
journal = {Applied Physics Letters},
volume = {74},
number = {7},
pages = {1045-1047},
year = {1999},
doi = {10.1063/1.123450},
URL = {https://doi.org/10.1063/1.123450},
eprint = {https://doi.org/10.1063/1.123450}
}

@article{spin6,
  title = {High-Sensitivity Charge Detection with a Single-Lead Quantum Dot for Scalable Quantum Computation},
  author = {House, M. G. and Bartlett, I. and Pakkiam, P. and Koch, M. and Peretz, E. and van der Heijden, J. and Kobayashi, T. and Rogge, S. and Simmons, M. Y.},
  journal = {Phys. Rev. Applied},
  volume = {6},
  issue = {4},
  pages = {044016},
  numpages = {6},
  year = {2016},
  month = {Oct},
  publisher = {American Physical Society},
  doi = {10.1103/PhysRevApplied.6.044016},
  url = {https://link.aps.org/doi/10.1103/PhysRevApplied.6.044016}
}

@article{rf_nw2,
author = {Yuan,Mingyun  and Yang,Zhen  and Savage,D. E.  and Lagally,M. G.  and Eriksson,M. A.  and Rimberg,A. J. },
title = {Charge sensing in a {Si}/{SiGe} quantum dot with a radio frequency superconducting single-electron transistor},
journal = {Applied Physics Letters},
volume = {101},
number = {14},
pages = {142103},
year = {2012},
doi = {10.1063/1.4754827},
URL = {https://doi.org/10.1063/1.4754827},
eprint = {https://doi.org/10.1063/1.4754827}
}

@article{Lu,
	Author = {Lu, Wei and Ji, Zhongqing and Pfeiffer, Loren and West, K. W. and Rimberg, A. J.},
	Da = {2003/05/01},
	Date-Added = {2019-06-21 18:33:37 +1000},
	Date-Modified = {2019-06-21 18:33:37 +1000},
	Doi = {10.1038/nature01642},
	Id = {Lu2003},
	Isbn = {1476-4687},
	Journal = {Nature},
	Number = {6938},
	Pages = {422--425},
	Title = {Real-time detection of electron tunnelling in a quantum dot},
	Ty = {JOUR},
	Url = {https://doi.org/10.1038/nature01642},
	Volume = {423},
	Year = {2003},
	Bdsk-Url-1 = {https://doi.org/10.1038/nature01642}}

@article {SchoelkopfScience98,
	author = {Schoelkopf, R. J. and Wahlgren, P. and Kozhevnikov, A. A. and Delsing, P. and Prober, D. E.},
	title = {The Radio-Frequency Single-Electron Transistor (RF-SET): A Fast and Ultrasensitive Electrometer},
	volume = {280},
	number = {5367},
	pages = {1238--1242},
	year = {1998},
	doi = {10.1126/science.280.5367.1238},
	publisher = {American Association for the Advancement of Science},
	issn = {0036-8075},
	URL = {http://science.sciencemag.org/content/280/5367/1238},
	eprint = {http://science.sciencemag.org/content/280/5367/1238.full.pdf},
	journal = {Science}
}


@article{karl1,
author = {Jung,M.  and Schroer,M. D.  and Petersson,K. D.  and Petta,J. R. },
title = {Radio frequency charge sensing in InAs nanowire double quantum dots},
journal = {Applied Physics Letters},
volume = {100},
number = {25},
pages = {253508},
year = {2012},
doi = {10.1063/1.4729469},
URL = {https://doi.org/10.1063/1.4729469},
eprint = {https://doi.org/10.1063/1.4729469}
}


@article{karl3,
author = {Petersson, K. D. and Smith, C. G. and Anderson, D. and Atkinson, P. and Jones, G. A. C. and Ritchie, D. A.},
title = {Charge and Spin State Readout of a Double Quantum Dot Coupled to a Resonator},
journal = {Nano Letters},
volume = {10},
number = {8},
pages = {2789-2793},
year = {2010},
doi = {10.1021/nl100663w},
note ={PMID: 20698590},
URL = {https://doi.org/10.1021/nl100663w},
eprint = {https://doi.org/10.1021/nl100663w}
}

@article{PhysRevApplied.4.014018,
  title = {Fast Charge Sensing of a Cavity-Coupled Double Quantum Dot Using a Josephson Parametric Amplifier},
  author = {Stehlik, J. and Liu, Y.-Y. and Quintana, C. M. and Eichler, C. and Hartke, T. R. and Petta, J. R.},
  journal = {Phys. Rev. Applied},
  volume = {4},
  issue = {1},
  pages = {014018},
  numpages = {10},
  year = {2015},
  month = {Jul},
  publisher = {American Physical Society},
  doi = {10.1103/PhysRevApplied.4.014018},
  url = {https://link.aps.org/doi/10.1103/PhysRevApplied.4.014018}
}


@article{Joyez1994,
  title = {Observation of parity-induced suppression of Josephson tunneling in the superconducting single electron transistor},
  author = {Joyez, P. and Lafarge, P. and Filipe, A. and Esteve, D. and Devoret, M. H.},
  journal = {Phys. Rev. Lett.},
  volume = {72},
  issue = {15},
  pages = {2458--2461},
  numpages = {0},
  year = {1994},
  month = {Apr},
  publisher = {American Physical Society},
  doi = {10.1103/PhysRevLett.72.2458},
  url = {https://link.aps.org/doi/10.1103/PhysRevLett.72.2458}
}

@article{Matveev1993,
  title = {Parity-induced suppression of the Coulomb blockade of Josephson tunneling},
  author = {Matveev, K. A. and Gisself\"alt, M. and Glazman, L. I. and Jonson, M. and Shekhter, R. I.},
  journal = {Phys. Rev. Lett.},
  volume = {70},
  issue = {19},
  pages = {2940--2943},
  numpages = {0},
  year = {1993},
  month = {May},
  publisher = {American Physical Society},
  doi = {10.1103/PhysRevLett.70.2940},
  url = {https://link.aps.org/doi/10.1103/PhysRevLett.70.2940}
}


@article{Lotkhov2003,
  title = {Cooper Pair Cotunneling in Single Charge Transistors with Dissipative Electromagnetic Environment},
  author = {Lotkhov, S. V. and Bogoslovsky, S. A. and Zorin, A. B. and Niemeyer, J.},
  journal = {Phys. Rev. Lett.},
  volume = {91},
  issue = {19},
  pages = {197002},
  numpages = {4},
  year = {2003},
  month = {Nov},
  publisher = {American Physical Society},
  doi = {10.1103/PhysRevLett.91.197002},
  url = {https://link.aps.org/doi/10.1103/PhysRevLett.91.197002}
}

@article{AlbretchNature,
	Author = {Albrecht, S. M. and Higginbotham, A. P. and Madsen, M. and Kuemmeth, F. and Jespersen, T. S. and Nyg{\aa}rd, J. and Krogstrup, P. and Marcus, C. M.},
	Date = {2016/03/09/online},
	Date-Added = {2019-06-21 20:48:34 +1000},
	Date-Modified = {2019-06-21 20:48:34 +1000},
	Day = {09},
	Journal = {Nature},
	L3 = {10.1038/nature17162; },
	Month = {03},
	Pages = {206 EP  -},
	Publisher = {Nature Publishing Group, a division of Macmillan Publishers Limited. All Rights Reserved. SN  -},
	Title = {Exponential protection of zero modes in Majorana islands},
	Ty = {JOUR},
	Url = {https://doi.org/10.1038/nature17162},
    doi = {10.1038/nature17162},
	Volume = {531},
	Year = {2016},
	Bdsk-Url-1 = {https://doi.org/10.1038/nature17162}}


@article{sherman,
	Author = {Sherman, D. and Yodh, J. S. and Albrecht, S. M. and Nyg{\aa}rd, J. and Krogstrup, P. and Marcus, C. M.},
	Date = {2016/11/14/online},
	Date-Added = {2019-06-21 20:47:46 +1000},
	Date-Modified = {2019-06-21 20:47:46 +1000},
	Day = {14},
	Journal = {Nature Nanotechnology},
	L3 = {10.1038/nnano.2016.227; },
	Month = {11},
	Pages = {212 EP  -},
	Publisher = {Nature Publishing Group SN  -},
	Title = {Normal, superconducting and topological regimes of hybrid double quantum dots},
	Ty = {JOUR},
	Url = {https://doi.org/10.1038/nnano.2016.227},
    doi = {10.1038/nnano.2016.227},
	Volume = {12},
	Year = {2016},
	Bdsk-Url-1 = {https://doi.org/10.1038/nnano.2016.227}}

@article{sens2,
  title = {Charge sensing in carbon-nanotube quantum dots on microsecond timescales},
  author = {Biercuk, M. J. and Reilly, D. J. and Buehler, T. M. and Chan, V. C. and Chow, J. M. and Clark, R. G. and Marcus, C. M.},
  journal = {Phys. Rev. B},
  volume = {73},
  issue = {20},
  pages = {201402},
  numpages = {4},
  year = {2006},
  month = {May},
  publisher = {American Physical Society},
  doi = {10.1103/PhysRevB.73.201402},
  url = {https://link.aps.org/doi/10.1103/PhysRevB.73.201402}
}


@article{sens3,
author = {Angus,S. J.  and Ferguson,A. J.  and Dzurak,A. S.  and Clark,R. G. },
title = {A silicon radio-frequency single electron transistor},
journal = {Applied Physics Letters},
volume = {92},
number = {11},
pages = {112103},
year = {2008},
doi = {10.1063/1.2831664},
URL = {https://doi.org/10.1063/1.2831664},
eprint = {https://doi.org/10.1063/1.2831664}
}

@article{Krogstrup,
	Author = {Krogstrup, P. and Ziino, N. L. B. and Chang, W. and Albrecht, S. M. and Madsen, M. H. and Johnson, E. and Nyg{\aa}rd, J. and Marcus, C. M. and Jespersen, T. S.},
	Date = {2015/01/12/online},
	Date-Added = {2019-06-21 18:39:29 +1000},
	Date-Modified = {2019-06-21 18:39:29 +1000},
	Day = {12},
	Journal = {Nature Materials},
	L3 = {10.1038/nmat4176; https://www.nature.com/articles/nmat4176#supplementary-information},
	M3 = {Article},
	Month = {01},
	Pages = {400 EP  -},
	Publisher = {Nature Publishing Group SN  -},
	Title = {Epitaxy of semiconductor--superconductor nanowires},
	Ty = {JOUR},
	Url = {https://doi.org/10.1038/nmat4176},
    doi = {10.1038/nmat4176},
	Volume = {14},
	Year = {2015},
	Bdsk-Url-1 = {https://doi.org/10.1038/nmat4176}}

@article{Plugge,
	doi = {10.1088/1367-2630/aa54e1},
	url = {https://doi.org/10.1088%2F1367-2630%2Faa54e1},
	year = 2017,
	month = {jan},
	publisher = {{IOP} Publishing},
	volume = {19},
	number = {1},
	pages = {012001},
	author = {Stephan Plugge and Asbj{\o}rn Rasmussen and Reinhold Egger and Karsten Flensberg},
	title = {Majorana box qubits},
	journal = {New Journal of Physics},
}

@article {Reiher7555,
	author = {Reiher, Markus and Wiebe, Nathan and Svore, Krysta M. and Wecker, Dave and Troyer, Matthias},
	title = {Elucidating reaction mechanisms on quantum computers},
	elocation-id = {201619152},
	year = {2017},
	doi = {10.1073/pnas.1619152114},
	publisher = {National Academy of Sciences},
	issn = {0027-8424},
	URL = {https://www.pnas.org/content/early/2017/06/30/1619152114},
	eprint = {https://www.pnas.org/content/early/2017/06/30/1619152114.full.pdf},
	journal = {Proceedings of the National Academy of Sciences}
}

@article{PhysRevB.94.235446,
  title = {Teleportation-based quantum information processing with Majorana zero modes},
  author = {Vijay, Sagar and Fu, Liang},
  journal = {Phys. Rev. B},
  volume = {94},
  issue = {23},
  pages = {235446},
  numpages = {9},
  year = {2016},
  month = {Dec},
  publisher = {American Physical Society},
  doi = {10.1103/PhysRevB.94.235446},
  url = {https://link.aps.org/doi/10.1103/PhysRevB.94.235446}
}


@article{charge_sensing1,
	Author = {Hu, Yongjie and Churchill, Hugh O. H. and Reilly, David J. and Xiang, Jie and Lieber, Charles M. and Marcus, Charles M.},
	Date = {2007/09/30/online},
	Date-Added = {2019-06-21 18:43:04 +1000},
	Date-Modified = {2019-06-21 18:43:04 +1000},
	Day = {30},
    doi = {10.1038/nnano.2007.302},
	Journal = {Nature Nanotechnology},
	L3 = {10.1038/nnano.2007.302; https://www.nature.com/articles/nnano.2007.302#supplementary-information},
	Month = {09},
	Pages = {622 EP  -},
	Publisher = {Nature Publishing Group SN  -},
	Title = {A {Ge}/{Si} heterostructure nanowire-based double quantum dot with integrated charge sensor},
	Ty = {JOUR},
	Url = {https://doi.org/10.1038/nnano.2007.302},
	Volume = {2},
	Year = {2007},
	Bdsk-Url-1 = {https://doi.org/10.1038/nnano.2007.302}}


@article{charge_sensing2,
	Author = {Tosi, Guilherme and Mohiyaddin, Fahd A. and Schmitt, Vivien and Tenberg, Stefanie and Rahman, Rajib and Klimeck, Gerhard and Morello, Andrea},
	Da = {2017/09/06},
	Date-Added = {2019-06-21 18:43:42 +1000},
	Date-Modified = {2019-06-21 18:43:42 +1000},
	Doi = {10.1038/s41467-017-00378-x},
	Id = {Tosi2017},
	Isbn = {2041-1723},
	Journal = {Nature Communications},
	Number = {1},
	Pages = {450},
	Title = {Silicon quantum processor with robust long-distance qubit couplings},
	Ty = {JOUR},
	Url = {https://doi.org/10.1038/s41467-017-00378-x},
	Volume = {8},
	Year = {2017},
	Bdsk-Url-1 = {https://doi.org/10.1038/s41467-017-00378-x}}

@article{PhysRevApplied.11.044061,
  title = {Rapid Detection of Coherent Tunneling in an $\mathrm{In}\mathrm{As}$ Nanowire Quantum Dot through Dispersive Gate Sensing},
  author = {de Jong, Damaz and van Veen, Jasper and Binci, Luca and Singh, Amrita and Krogstrup, Peter and Kouwenhoven, Leo P. and Pfaff, Wolfgang and Watson, John D.},
  journal = {Phys. Rev. Applied},
  volume = {11},
  issue = {4},
  pages = {044061},
  numpages = {6},
  year = {2019},
  month = {Apr},
  publisher = {American Physical Society},
  doi = {10.1103/PhysRevApplied.11.044061},
  url = {https://link.aps.org/doi/10.1103/PhysRevApplied.11.044061}
}

@article{PhysRevApplied.5.034011,
  title = {Sensitive Radio-Frequency Measurements of a Quantum Dot by Tuning to Perfect Impedance Matching},
  author = {Ares, N. and Schupp, F. J. and Mavalankar, A. and Rogers, G. and Griffiths, J. and Jones, G. A. C. and Farrer, I. and Ritchie, D. A. and Smith, C. G. and Cottet, A. and Briggs, G. A. D. and Laird, E. A.},
  journal = {Phys. Rev. Applied},
  volume = {5},
  issue = {3},
  pages = {034011},
  numpages = {6},
  year = {2016},
  month = {Mar},
  publisher = {American Physical Society},
  doi = {10.1103/PhysRevApplied.5.034011},
  url = {https://link.aps.org/doi/10.1103/PhysRevApplied.5.034011}
}

@article{PhysRevApplied.11.064011,
  title = {Radio-Frequency Methods for Majorana-Based Quantum Devices: Fast Charge Sensing and Phase-Diagram Mapping},
  author = {Razmadze, Davydas and Sabonis, Deividas and Malinowski, Filip K. and M\'enard, Gerbold C. and Pauka, Sebastian and Nguyen, Hung and van Zanten, David M.T. and O\ensuremath{'}Farrell, Eoin C.T. and Suter, Judith and Krogstrup, Peter and Kuemmeth, Ferdinand and Marcus, Charles M.},
  journal = {Phys. Rev. Applied},
  volume = {11},
  issue = {6},
  pages = {064011},
  numpages = {9},
  year = {2019},
  month = {Jun},
  publisher = {American Physical Society},
  doi = {10.1103/PhysRevApplied.11.064011},
  url = {https://link.aps.org/doi/10.1103/PhysRevApplied.11.064011}
}

@article{PhysRevB.93.155402,
  title = {Two-dimensional epitaxial superconductor-semiconductor heterostructures: A platform for topological superconducting networks},
  author = {Shabani, J. and Kjaergaard, M. and Suominen, H. J. and Kim, Younghyun and Nichele, F. and Pakrouski, K. and Stankevic, T. and Lutchyn, R. M. and Krogstrup, P. and Feidenhans'l, R. and Kraemer, S. and Nayak, C. and Troyer, M. and Marcus, C. M. and Palmstr\o{}m, C. J.},
  journal = {Phys. Rev. B},
  volume = {93},
  issue = {15},
  pages = {155402},
  numpages = {6},
  year = {2016},
  month = {Apr},
  publisher = {American Physical Society},
  doi = {10.1103/PhysRevB.93.155402},
  url = {https://link.aps.org/doi/10.1103/PhysRevB.93.155402}
}
@PREAMBLE{
 "\providecommand{\noopsort}[1]{}"
 # "\providecommand{\singleletter}[1]{#1}%"
}

@article{scattering,
  title = {Universal density scaling of disorder-limited low-temperature conductivity in high-mobility two-dimensional systems},
  author = {Das Sarma, S. and Hwang, E. H.},
  journal = {Phys. Rev. B},
  volume = {88},
  issue = {3},
  pages = {035439},
  numpages = {24},
  year = {2013},
  month = {Jul},
  publisher = {American Physical Society},
  doi = {10.1103/PhysRevB.88.035439},
  url = {https://link.aps.org/doi/10.1103/PhysRevB.88.035439}
}

@article{spintronics,
  title = {Spintronics: Fundamentals and applications},
  author = {\ifmmode \check{Z}\else \v{Z}\fi{}uti\ifmmode \acute{c}\else \'{c}\fi{}, Igor and Fabian, Jaroslav and Das Sarma, S.},
  journal = {Rev. Mod. Phys.},
  volume = {76},
  issue = {2},
  pages = {323--410},
  numpages = {0},
  year = {2004},
  month = {Apr},
  publisher = {American Physical Society},
  doi = {10.1103/RevModPhys.76.323},
  url = {https://link.aps.org/doi/10.1103/RevModPhys.76.323}
}

@article{manfra_hmob,
    author = {Hatke,A. T.  and Wang,T.  and Thomas,C.  and Gardner,G. C.  and Manfra,M. J. },
    title = {Mobility in excess of $1 \times 10^6$ cm$^2$ V$^{-1}$ s$^{-1}$ in InAs quantum wells grown on lattice mismatched {InP} substrates},
    journal = {Applied Physics Letters},
    volume = {111},
    number = {14},
    pages = {142106},
    year = {2017},
    doi = {10.1063/1.4993784},
    URL = {https://doi.org/10.1063/1.4993784},
    eprint = {https://doi.org/10.1063/1.4993784}
}

@article{PhysRevLett.115.127001,
  title = {Semiconductor-Nanowire-Based Superconducting Qubit},
  author = {Larsen, T. W. and Petersson, K. D. and Kuemmeth, F. and Jespersen, T. S. and Krogstrup, P. and Nyg\aa{}rd, J. and Marcus, C. M.},
  journal = {Phys. Rev. Lett.},
  volume = {115},
  issue = {12},
  pages = {127001},
  numpages = {5},
  year = {2015},
  month = {Sep},
  publisher = {American Physical Society},
  doi = {10.1103/PhysRevLett.115.127001},
  url = {https://link.aps.org/doi/10.1103/PhysRevLett.115.127001}
}

@article{shabani_transport,
    author = {Wickramasinghe,Kaushini S.  and Mayer,William  and Yuan,Joseph  and Nguyen,Tri  and Jiao,Lucy  and Manucharyan,Vladimir  and Shabani,Javad },
    title = {Transport properties of near surface InAs two-dimensional heterostructures},
    journal = {Applied Physics Letters},
    volume = {113},
    number = {26},
    pages = {262104},
    year = {2018},
    doi = {10.1063/1.5050413},
    URL = {https://doi.org/10.1063/1.5050413},
    eprint = {https://doi.org/10.1063/1.5050413}
}

@article {Nadj-Perge602,
	author = {Nadj-Perge, Stevan and Drozdov, Ilya K. and Li, Jian and Chen, Hua and Jeon, Sangjun and Seo, Jungpil and MacDonald, Allan H. and Bernevig, B. Andrei and Yazdani, Ali},
	title = {Observation of Majorana fermions in ferromagnetic atomic chains on a superconductor},
	volume = {346},
	number = {6209},
	pages = {602--607},
	year = {2014},
	doi = {10.1126/science.1259327},
	publisher = {American Association for the Advancement of Science},
	issn = {0036-8075},
	URL = {https://science.sciencemag.org/content/346/6209/602},
	eprint = {https://science.sciencemag.org/content/346/6209/602.full.pdf},
	journal = {Science}
}


@article{Pawlak:2016aa,
	Author = {Pawlak, R{\'e}my and Kisiel, Marcin and Klinovaja, Jelena and Meier, Tobias and Kawai, Shigeki and Glatzel, Thilo and Loss, Daniel and Meyer, Ernst},
	Date = {2016/11/29/online},
	Date-Added = {2019-05-16 16:00:04 +1000},
	Date-Modified = {2019-05-16 16:00:04 +1000},
	Day = {29},
	Journal = {Npj Quantum Information},
	L3 = {10.1038/npjqi.2016.35; https://www.nature.com/articles/npjqi201635#supplementary-information},
	M3 = {Article},
	Month = {11},
	Pages = {16035 EP  -},
	Publisher = {The Author(s) SN  -},
	Title = {Probing atomic structure and Majorana wavefunctions in mono-atomic Fe chains on superconducting Pb surface},
	Ty = {JOUR},
	Url = {https://doi.org/10.1038/npjqi.2016.35},
	Volume = {2},
	Year = {2016},
	Bdsk-Url-1 = {https://doi.org/10.1038/npjqi.2016.35}
}


@article{yacoby-hgcdte,
	Author = {Ren, Hechen and Pientka, Falko and Hart, Sean and Pierce, Andrew T. and Kosowsky, Michael and Lunczer, Lukas and Schlereth, Raimund and Scharf, Benedikt and Hankiewicz, Ewelina M. and Molenkamp, Laurens W. and Halperin, Bertrand I. and Yacoby, Amir},
	Da = {2019/05/01},
	Doi = {10.1038/s41586-019-1148-9},
	Id = {Ren2019},
	Isbn = {1476-4687},
	Journal = {Nature},
	Number = {7754},
	Pages = {93--98},
	Title = {Topological superconductivity in a phase-controlled Josephson junction},
	Ty = {JOUR},
	Url = {https://doi.org/10.1038/s41586-019-1148-9},
	Volume = {569},
	Year = {2019},
	Bdsk-Url-1 = {https://doi.org/10.1038/s41586-019-1148-9}
}

@article{BELL1998125,
    title = "Atomic hydrogen cleaning of polar III-V semiconductor surfaces",
    journal = "Surface Science",
    volume = "401",
    number = "2",
    pages = "125 - 137",
    year = "1998",
    issn = "0039-6028",
    doi = "https://doi.org/10.1016/S0039-6028(97)00914-X",
    url = "http://www.sciencedirect.com/science/article/pii/S003960289700914X",
    author = "G.R Bell and N.S Kaijaks and R.J Dixon and C.F McConville",
    keywords = "Auger electron spectroscopy, Electron energy loss spectroscopy, Electron-solid interactions, Etching, Hydrogen, Gallium antimonide, Indium antimonide, Indium arsenide, Low energy electron diffraction, Plasmons, Surface chemical reaction"
}

@article{hard_gap_2deg,
	Author = {Kjaergaard, M. and Nichele, F. and Suominen, H. J. and Nowak, M. P. and Wimmer, M. and Akhmerov, A. R. and Folk, J. A. and Flensberg, K. and Shabani, J. and Palmstr{\o}m, C. J. and Marcus, C. M.},
	Date = {2016/09/29/online},
	Date-Added = {2019-05-17 11:40:04 +1000},
	Date-Modified = {2019-05-17 11:40:04 +1000},
	Day = {29},
	Journal = {Nature Communications},
	L3 = {10.1038/ncomms12841; https://www.nature.com/articles/ncomms12841#supplementary-information},
	M3 = {Article},
	Month = {09},
	Pages = {12841 EP  -},
	Publisher = {The Author(s) SN  -},
	Title = {Quantized conductance doubling and hard gap in a two-dimensional semiconductor--superconductor heterostructure},
	Ty = {JOUR},
	Url = {https://doi.org/10.1038/ncomms12841},
	Volume = {7},
	Year = {2016},
	Bdsk-Url-1 = {https://doi.org/10.1038/ncomms12841}
}

@article{PhysRevLett.119.176805,
  title = {Zero-Energy Modes from Coalescing Andreev States in a Two-Dimensional Semiconductor-Superconductor Hybrid Platform},
  author = {Suominen, H. J. and Kjaergaard, M. and Hamilton, A. R. and Shabani, J. and Palmstr\o{}m, C. J. and Marcus, C. M. and Nichele, F.},
  journal = {Phys. Rev. Lett.},
  volume = {119},
  issue = {17},
  pages = {176805},
  numpages = {5},
  year = {2017},
  month = {Oct},
  publisher = {American Physical Society},
  doi = {10.1103/PhysRevLett.119.176805},
  url = {https://link.aps.org/doi/10.1103/PhysRevLett.119.176805}
}

@article{PhysRevB.83.184520,
  title = {Engineering a $p+\mathit{ip}$ superconductor: Comparison of topological insulator and Rashba spin-orbit-coupled materials},
  author = {Potter, Andrew C. and Lee, Patrick A.},
  journal = {Phys. Rev. B},
  volume = {83},
  issue = {18},
  pages = {184520},
  numpages = {11},
  year = {2011},
  month = {May},
  publisher = {American Physical Society},
  doi = {10.1103/PhysRevB.83.184520},
  url = {https://link.aps.org/doi/10.1103/PhysRevB.83.184520}
}

@article{PhysRevB.85.140513,
  title = {Momentum relaxation in a semiconductor proximity-coupled to a disordered $s$-wave superconductor: Effect of scattering on topological superconductivity},
  author = {Lutchyn, Roman M. and Stanescu, Tudor D. and Das Sarma, S.},
  journal = {Phys. Rev. B},
  volume = {85},
  issue = {14},
  pages = {140513},
  numpages = {5},
  year = {2012},
  month = {Apr},
  publisher = {American Physical Society},
  doi = {10.1103/PhysRevB.85.140513},
  url = {https://link.aps.org/doi/10.1103/PhysRevB.85.140513}
}
@article{PhysRevB.88.064506,
  title = {Density of states of disordered topological superconductor-semiconductor hybrid nanowires},
  author = {Sau, Jay D. and Das Sarma, S.},
  journal = {Phys. Rev. B},
  volume = {88},
  issue = {6},
  pages = {064506},
  numpages = {7},
  year = {2013},
  month = {Aug},
  publisher = {American Physical Society},
  doi = {10.1103/PhysRevB.88.064506},
  url = {https://link.aps.org/doi/10.1103/PhysRevB.88.064506}
}

@article{PhysRevLett.110.186803,
  title = {Soft Superconducting Gap in Semiconductor Majorana Nanowires},
  author = {Takei, So and Fregoso, Benjamin M. and Hui, Hoi-Yin and Lobos, Alejandro M. and Das Sarma, S.},
  journal = {Phys. Rev. Lett.},
  volume = {110},
  issue = {18},
  pages = {186803},
  numpages = {5},
  year = {2013},
  month = {Apr},
  publisher = {American Physical Society},
  doi = {10.1103/PhysRevLett.110.186803},
  url = {https://link.aps.org/doi/10.1103/PhysRevLett.110.186803}
}

@article{RevModPhys.88.021004,
  title = {Colloquium: Topological band theory},
  author = {Bansil, A. and Lin, Hsin and Das, Tanmoy},
  journal = {Rev. Mod. Phys.},
  volume = {88},
  issue = {2},
  pages = {021004},
  numpages = {37},
  year = {2016},
  month = {Jun},
  publisher = {American Physical Society},
  doi = {10.1103/RevModPhys.88.021004},
  url = {https://link.aps.org/doi/10.1103/RevModPhys.88.021004}
}

@article{ingaas_redux,
    author = {Milojevic,M.  and Aguirre-Tostado,F. S.  and Hinkle,C. L.  and Kim,H. C.  and Vogel,E. M.  and Kim,J.  and Wallace,R. M. },
    title = {Half-cycle atomic layer deposition reaction studies of $Al_2O_3$ on $In_{0.2}Ga_{0.8}As$ (100) surfaces},
    journal = {Applied Physics Letters},
    volume = {93},
    number = {20},
    pages = {202902},
    year = {2008},
    doi = {10.1063/1.3033404},
    URL = {https://doi.org/10.1063/1.3033404},
    eprint = {https://doi.org/10.1063/1.3033404}
}

@article{iiiv_cleanup,
    author = {Klejna, Sylwia and Elliott, Simon D.},
    title = {First-Principles Modeling of the “Clean-Up” of Native Oxides during Atomic Layer Deposition onto III-V Substrates},
    journal = {The Journal of Physical Chemistry C},
    volume = {116},
    number = {1},
    pages = {643-654},
    year = {2012},
    doi = {10.1021/jp206566y},
    URL = {https://doi.org/10.1021/jp206566y},
    eprint = {https://doi.org/10.1021/jp206566y}
}

@phdthesis{watson_thesis,
    author={Watson,John D.},
    year={2015},
    title={Growth of low disorder GaAs/AlGaAs heterostructures by molecular beam epitaxy for the study of correlated electron phases in two dimensions},
    pages={403},
    keywords={Pure sciences; Applied sciences; Gaas; Molecular beam epitaxy; Nanostructures; Quantum computing; Quantum hall effect; Quantum wells; Nanoscience; Condensed matter physics; Materials science; 0794:Materials science; 0565:Nanoscience; 0611:Condensed matter physics},
    school={Purdue University},
    isbn={9781339008387},
    url={https://docs.lib.purdue.edu/dissertations/AAI3720119/}
}

@article{PhysRevB.67.045309,
  title = {Highly anisotropic electron transport in shallow InGaAs heterostructures},
  author = {L\"ohr, S. and Mendach, S. and Vonau, T. and Heyn, Ch. and Hansen, W.},
  journal = {Phys. Rev. B},
  volume = {67},
  issue = {4},
  pages = {045309},
  numpages = {4},
  year = {2003},
  month = {Jan},
  publisher = {American Physical Society},
  doi = {10.1103/PhysRevB.67.045309},
  url = {https://link.aps.org/doi/10.1103/PhysRevB.67.045309}
}

@article{PhysRevB.77.235307,
  title = {Transport anisotropy in ${\text{In}}_{0.75}{\text{Ga}}_{0.25}\text{As}$ two-dimensional electron gases induced by indium concentration modulation},
  author = {Ercolani, Daniele and Biasiol, Giorgio and Cancellieri, Emiliano and Rosini, Marcello and Jacoboni, Carlo and Carillo, Franco and Heun, Stefan and Sorba, Lucia and Nolting, Frithjof},
  journal = {Phys. Rev. B},
  volume = {77},
  issue = {23},
  pages = {235307},
  numpages = {9},
  year = {2008},
  month = {Jun},
  publisher = {American Physical Society},
  doi = {10.1103/PhysRevB.77.235307},
  url = {https://link.aps.org/doi/10.1103/PhysRevB.77.235307}
}

@article{PhysRevB.74.195313,
  title = {Two-subband quantum Hall effect in parabolic quantum wells},
  author = {Ellenberger, C. and Simovi\ifmmode \check{c}\else \v{c}\fi{}, B. and Leturcq, R. and Ihn, T. and Ulloa, S. E. and Ensslin, K. and Driscoll, D. C. and Gossard, A. C.},
  journal = {Phys. Rev. B},
  volume = {74},
  issue = {19},
  pages = {195313},
  numpages = {5},
  year = {2006},
  month = {Nov},
  publisher = {American Physical Society},
  doi = {10.1103/PhysRevB.74.195313},
  url = {https://link.aps.org/doi/10.1103/PhysRevB.74.195313}
}

@article{PhysRevLett.95.216801,
  title = {Multiple Phases with the Same Quantized Hall Conductance in a Two-Subband System},
  author = {Zhang, X. C. and Faulhaber, D. R. and Jiang, H. W.},
  journal = {Phys. Rev. Lett.},
  volume = {95},
  issue = {21},
  pages = {216801},
  numpages = {4},
  year = {2005},
  month = {Nov},
  publisher = {American Physical Society},
  doi = {10.1103/PhysRevLett.95.216801},
  url = {https://link.aps.org/doi/10.1103/PhysRevLett.95.216801}
}

@article{STORMER1982707,
    title = "Observation of intersubband scattering in a 2-dimensional electron system",
    journal = "Solid State Communications",
    volume = "41",
    number = "10",
    pages = "707 - 709",
    year = "1982",
    issn = "0038-1098",
    doi = "https://doi.org/10.1016/0038-1098(82)91121-8",
    url = "http://www.sciencedirect.com/science/article/pii/0038109882911218",
    author = "H.L. Störmer and A.C. Gossard and W. Wiegmann"
}

@article{PhysRevB.38.7866,
  title = {Evidence of a mobility edge in the second subband of an ${\mathrm{Al}}_{0.33}{\mathrm{Ga}}_{0.67}\mathrm{As-GaAs}$ heterojunction},
  author = {Fletcher, R. and Zaremba, E. and D'Iorio, M. and Foxon, C. T. and Harris, J. J.},
  journal = {Phys. Rev. B},
  volume = {38},
  issue = {11},
  pages = {7866--7869},
  numpages = {0},
  year = {1988},
  month = {Oct},
  publisher = {American Physical Society},
  doi = {10.1103/PhysRevB.38.7866},
  url = {https://link.aps.org/doi/10.1103/PhysRevB.38.7866}
}

@article{Matsumoto_1974,
	doi = {10.7567/jjaps.2s2.367},
	year = 1974,
	month = {jan},
	publisher = {Japan Society of Applied Physics},
	volume = {13},
	number = {S2},
	pages = {367},
	author = {Yukio Matsumoto and Yasutada Uemura},
	title = {Scattering Mechanism and Low Temperature Mobility of {MOS} Inversion Layers},
	journal = {Japanese Journal of Applied Physics}
}

@article{PhysRevB.32.8126,
  title = {Quantum and classical mobility determination of the dominant scattering mechanism in the two-dimensional electron gas of an AlGaAs/GaAs heterojunction},
  author = {Harrang, J. P. and Higgins, R. J. and Goodall, R. K. and Jay, P. R. and Laviron, M. and Delescluse, P.},
  journal = {Phys. Rev. B},
  volume = {32},
  issue = {12},
  pages = {8126--8135},
  numpages = {0},
  year = {1985},
  month = {Dec},
  publisher = {American Physical Society},
  doi = {10.1103/PhysRevB.32.8126},
  url = {https://link.aps.org/doi/10.1103/PhysRevB.32.8126}
}

@article{PhysRevB.16.4446,
  title = {Effective mass and collision time of (100) Si surface electrons},
  author = {Fang, F. F. and Fowler, A. B. and Hartstein, A.},
  journal = {Phys. Rev. B},
  volume = {16},
  issue = {10},
  pages = {4446--4454},
  numpages = {0},
  year = {1977},
  month = {Nov},
  publisher = {American Physical Society},
  doi = {10.1103/PhysRevB.16.4446},
  url = {https://link.aps.org/doi/10.1103/PhysRevB.16.4446}
}

@article{PhysRevLett.66.2243,
  title = {Intrinsic electron accumulation layers on reconstructed clean InAs(100) surfaces},
  author = {Noguchi, M. and Hirakawa, K. and Ikoma, T.},
  journal = {Phys. Rev. Lett.},
  volume = {66},
  issue = {17},
  pages = {2243--2246},
  numpages = {0},
  year = {1991},
  month = {Apr},
  publisher = {American Physical Society},
  doi = {10.1103/PhysRevLett.66.2243},
  url = {https://link.aps.org/doi/10.1103/PhysRevLett.66.2243}
}

@article{Affentauschegg_2001,
	doi = {10.1088/0268-1242/16/8/313},
	url = {https://doi.org/10.1088%2F0268-1242%2F16%2F8%2F313},
	year = 2001,
	month = {jul},
	publisher = {{IOP} Publishing},
	volume = {16},
	number = {8},
	pages = {708--714},
	author = {Cedric Affentauschegg and Harry H Wieder},
	title = {Properties of {InAs}/{InAlAs} heterostructures},
	journal = {Semiconductor Science and Technology},
}

@article{PhysRevB.48.2807,
  title = {Step motion and As desorption on InAs(001) surfaces observed by scanning tunneling microscopy},
  author = {Yamaguchi, Hiroshi and Horikoshi, Yoshiji},
  journal = {Phys. Rev. B},
  volume = {48},
  issue = {4},
  pages = {2807--2810},
  numpages = {0},
  year = {1993},
  month = {Jul},
  publisher = {American Physical Society},
  doi = {10.1103/PhysRevB.48.2807},
  url = {https://link.aps.org/doi/10.1103/PhysRevB.48.2807}
}

@article{PhysRevB.93.235312,
  title = {Surface roughness scattering in multisubband accumulation layers},
  author = {Fu, Han and Reich, K. V. and Shklovskii, B. I.},
  journal = {Phys. Rev. B},
  volume = {93},
  issue = {23},
  pages = {235312},
  numpages = {7},
  year = {2016},
  month = {Jun},
  publisher = {American Physical Society},
  doi = {10.1103/PhysRevB.93.235312},
  url = {https://link.aps.org/doi/10.1103/PhysRevB.93.235312}
}

@article{doi:10.1063/1.119829,
author = {Umansky,V.  and de-Picciotto,R.  and Heiblum,M. },
title = {Extremely high-mobility two dimensional electron gas: Evaluation of scattering mechanisms},
journal = {Applied Physics Letters},
volume = {71},
number = {5},
pages = {683-685},
year = {1997},
doi = {10.1063/1.119829},
URL = {https://doi.org/10.1063/1.119829},
eprint = {https://doi.org/10.1063/1.119829}
}

@article{CLEVELAND2013167,
title = "Effect of an in situ hydrogen plasma pre-treatment on the reduction of GaSb native oxides prior to atomic layer deposition",
journal = "Applied Surface Science",
volume = "277",
pages = "167 - 175",
year = "2013",
issn = "0169-4332",
doi = "https://doi.org/10.1016/j.apsusc.2013.04.018",
url = "http://www.sciencedirect.com/science/article/pii/S0169433213007071",
author = "Erin R. Cleveland and Laura B. Ruppalt and Brian R. Bennett and S.M. Prokes",
keywords = "GaSb, Hydrogen plasma, Atomic layer deposition, TMA, XPS, III–V semiconductors",
}

@article{doi:10.1063/1.3148723,
author = {Lee,Hang Dong  and Feng,Tian  and Yu,Lei  and Mastrogiovanni,Daniel  and Wan,Alan  and Gustafsson,Torgny  and Garfunkel,Eric },
title = {Reduction of native oxides on GaAs during atomic layer growth of Al2O3},
journal = {Applied Physics Letters},
volume = {94},
number = {22},
pages = {222108},
year = {2009},
doi = {10.1063/1.3148723},
URL = {https://doi.org/10.1063/1.3148723},
eprint = { https://doi.org/10.1063/1.3148723}

}

@article{Tallarida_2012,
	doi = {10.1088/1757-899x/41/1/012003},
	url = {https://doi.org/10.1088%2F1757-899x%2F41%2F1%2F012003},
	year = 2012,
	month = {dec},
	publisher = {{IOP} Publishing},
	volume = {41},
	pages = {012003},
	author = {Massimo Tallarida and Christoph Adelmann and Annelies Delabie and Sven van Elshocht and Matty Caymax and Dieter Schmeisser},
	title = {{GaAs} clean up studied with synchrotron radiation photoemission},
	journal = {{IOP} Conference Series: Materials Science and Engineering},
	abstract = {In this contribution we describe the chemical changes at the surface of GaAs upon adsorption of tri-methyl-aluminum (TMA). TMA is used to grow Al2O3 with atomic layer deposition (ALD) usually using H2O as oxygen source. Recently, it was pointed out that the adsorption of TMA on various III-V surfaces reduces the native oxide, allowing the growth of an abrupt III-V/High-K interface with reduced density of defects. Synchrotron radiation photoemission spectroscopy (SR-PES) is a powerful method to characterize surfaces and interfaces of many materials, as it is capable to determine their chemical composition as well as the electronic properties. We performed in-situ SR-PES measurements after exposing a GaAs surface to TMA pulses at about 250°C. Upon using the possibility of tuning the incident photon energy we compared the Ga3d spectra at 41 eV, 71 eV, 91 eV and 121 eV, as well as the As3d at 71 eV and 91 eV. Finally, we show that using SR-PES allows a further understanding of the surface composition, which is usually not accessible with other techniques.}
}
@article{doi:10.1116/1.586538,
author = {Choquette,Kent D.  and Freund,R. S.  and Hong,M.  and Luftman,H. S.  and Chu,S. N. G.  and Mannaerts,J. P.  and Wetzel,R. C. },
title = {Hydrogen plasma processing of GaAs and AlGaAs},
journal = {Journal of Vacuum Science \& Technology B: Microelectronics and Nanometer Structures Processing, Measurement, and Phenomena},
volume = {11},
number = {6},
pages = {2025-2032},
year = {1993},
doi = {10.1116/1.586538},
URL = {https://avs.scitation.org/doi/abs/10.1116/1.586538},
eprint = {https://avs.scitation.org/doi/pdf/10.1116/1.586538}
}

@article{doi:10.1063/1.5054292,
author = {Troian,Andrea  and Knutsson,Johan V.  and McKibbin,Sarah R.  and Yngman,Sofie  and Babadi,Aein S.  and Wernersson,Lars-Erik  and Mikkelsen,Anders  and Timm,Rainer },
title = {InAs-oxide interface composition and stability upon thermal oxidation and high-k atomic layer deposition},
journal = {AIP Advances},
volume = {8},
number = {12},
pages = {125227},
year = {2018},
doi = {10.1063/1.5054292},
URL = {https://doi.org/10.1063/1.5054292},
eprint = {https://doi.org/10.1063/1.5054292}
}
@article{PhysRevB.49.11159,
  title = {Oxides on GaAs and InAs surfaces: An x-ray-photoelectron-spectroscopy study of reference compounds and thin oxide layers},
  author = {Hollinger, G. and Skheyta-Kabbani, R. and Gendry, M.},
  journal = {Phys. Rev. B},
  volume = {49},
  issue = {16},
  pages = {11159--11167},
  numpages = {0},
  year = {1994},
  month = {Apr},
  publisher = {American Physical Society},
  doi = {10.1103/PhysRevB.49.11159},
  url = {https://link.aps.org/doi/10.1103/PhysRevB.49.11159}
}

@article{doi:10.1063/1.3369540,
author = {Wang,Weichao  and Lee,Geunsik  and Huang,Min  and Wallace,Robert M.  and Cho,Kyeongjae },
title = {First-principles study of GaAs(001)-$\beta$2(2×4) surface oxidation and passivation with H, Cl, S, F, and GaO},
journal = {Journal of Applied Physics},
volume = {107},
number = {10},
pages = {103720},
year = {2010},
doi = {10.1063/1.3369540},
URL = {https://doi.org/10.1063/1.3369540},
eprint = {https://doi.org/10.1063/1.3369540}
}

@article{doi:10.1063/1.92194,
author = {Chang,R. P. H.  and Darack,S. },
title = {Hydrogen plasma etching of GaAs oxide},
journal = {Applied Physics Letters},
volume = {38},
number = {11},
pages = {898-899},
year = {1981},
doi = {10.1063/1.92194},
URL = {https://doi.org/10.1063/1.92194},
eprint = {https://doi.org/10.1063/1.92194}
}

@article{doi:10.1063/1.100961,
author = {Callegari,A.  and Hoh,P. D.  and Buchanan,D. A.  and Lacey,D. },
title = {Unpinned gallium oxide/GaAs interface by hydrogen and nitrogen surface plasma treatment},
journal = {Applied Physics Letters},
volume = {54},
number = {4},
pages = {332-334},
year = {1989},
doi = {10.1063/1.100961},
URL = {https://doi.org/10.1063/1.100961},
eprint = {https://doi.org/10.1063/1.100961}
}


@article{10.1021/cm0608903,
	Annote = {doi: 10.1021/cm0608903},
	Author = {Elliott, S. D. and Scarel, G. and Wiemer, C. and Fanciulli, M. and Pavia, G.},
	Booktitle = {Chemistry of Materials},
	Da = {2006/08/01},
	Date = {2006/08/01},
	Date-Added = {2019-06-25 12:04:20 +1000},
	Date-Modified = {2019-06-25 12:04:20 +1000},
	Doi = {10.1021/cm0608903},
	Isbn = {0897-4756},
	Journal = {Chemistry of Materials},
	Journal1 = {Chem. Mater.},
	M3 = {doi: 10.1021/cm0608903},
	Month = {08},
	Number = {16},
	Pages = {3764--3773},
	Publisher = {American Chemical Society},
	Title = {Ozone-Based Atomic Layer Deposition of Alumina from TMA:  Growth, Morphology, and Reaction Mechanism},
	Ty = {JOUR},
	Url = {https://doi.org/10.1021/cm0608903},
	Volume = {18},
	Year = {2006},
	Year1 = {2006},
	Bdsk-Url-1 = {https://doi.org/10.1021/cm0608903}}
