@Article{Feynman1982,
    author="Feynman, Richard P.",
    title="Simulating physics with computers",
    journal="International Journal of Theoretical Physics",
    year="1982",
    month="Jun",
    day="01",
    volume="21",
    number="6",
    pages="467--488",
    issn="1572-9575",
    doi="10.1007/BF02650179",
    url="https://doi.org/10.1007/BF02650179"
}

@article{Deutsch,
    author = {David Deutsch  and Richard Jozsa },
    title = {Rapid solution of problems by quantum computation},
    journal = {Proceedings of the Royal Society of London. Series A: Mathematical and Physical Sciences},
    volume = {439},
    number = {1907},
    pages = {553-558},
    year = {1992},
    doi = {10.1098/rspa.1992.0167},
    URL = {https://royalsocietypublishing.org/doi/abs/10.1098/rspa.1992.0167},
    eprint = {https://royalsocietypublishing.org/doi/pdf/10.1098/rspa.1992.0167}
}

@article{Shor,
    author = {Shor, P.},
    title = {Polynomial-Time Algorithms for Prime Factorization and Discrete Logarithms on a Quantum Computer},
    journal = {SIAM Review},
    volume = {41},
    number = {2},
    pages = {303-332},
    year = {1999},
    doi = {10.1137/S0036144598347011},
    URL = {https://doi.org/10.1137/S0036144598347011},
    eprint = {https://doi.org/10.1137/S0036144598347011}
}

@ARTICLE{1996quant.ph.11025A,
       author = {{Aharonov}, Dorit and {Ben-Or}, Michael},
        title = "Fault Tolerant Quantum Computation with Constant Error",
      journal = {arXiv e-prints},
     keywords = {Quantum Physics},
         year = "1996",
        month = "Nov",
          eid = {quant-ph/9611025},
        pages = {quant-ph/9611025},
archivePrefix = {arXiv},
       eprint = {quant-ph/9611025},
 primaryClass = {quant-ph},
       adsurl = {https://ui.adsabs.harvard.edu/abs/1996quant.ph.11025A},
      adsnote = {Provided by the SAO/NASA Astrophysics Data System}
}

@inbook{Aaronson:skepticism,
    author = {Aaronson, Scott},
    title = {Quantum Computing Since Democritus},
    year = {2013},
    isbn = {0521199565, 9780521199568},
    publisher = {Cambridge University Press},
    address = {New York, NY, USA},
    chapter = 14,
}

@MISC{iarpa_mqco,
    title = {Multi-Qubit Coherent Operations ({MQCO}) Program Broad Agency Announcement ({IARPA-BAA-09-06})},
    year = {2009},
    organization = {Intelligence Advanced Research Projects Activity},
    url = {https://www.fbo.gov/notices/c9947ed13c7eef21a26a25bcc3cf8d68}
}

@article {Monroe440,
	author = {Monroe, Christopher and Raymer, Michael G. and Taylor, Jacob},
	title = {The {U.S.} National Quantum Initiative: From Act to action},
	volume = {364},
	number = {6439},
	pages = {440--442},
	year = {2019},
	doi = {10.1126/science.aax0578},
	publisher = {American Association for the Advancement of Science},
	issn = {0036-8075},
	URL = {https://science.sciencemag.org/content/364/6439/440},
	eprint = {https://science.sciencemag.org/content/364/6439/440.full.pdf},
	journal = {Science}
}

@article{PhysRevB.30.4874,
  title = {Theory of semiconductor heterojunctions: The role of quantum dipoles},
  author = {Tersoff, J.},
  journal = {Phys. Rev. B},
  volume = {30},
  issue = {8},
  pages = {4874--4877},
  numpages = {0},
  year = {1984},
  month = {Oct},
  publisher = {American Physical Society},
  doi = {10.1103/PhysRevB.30.4874},
  url = {https://link.aps.org/doi/10.1103/PhysRevB.30.4874}
}

@article{doi:10.1063/1.5088164,
author = {Bruzewicz,Colin D.  and Chiaverini,John  and McConnell,Robert  and Sage,Jeremy M. },
title = {Trapped-ion quantum computing: Progress and challenges},
journal = {Applied Physics Reviews},
volume = {6},
number = {2},
pages = {021314},
year = {2019},
doi = {10.1063/1.5088164},
URL = {https://doi.org/10.1063/1.5088164},
eprint = {https://doi.org/10.1063/1.5088164}
}


@article{acs.nanolett.8b00006,
	Annote = {doi: 10.1021/acs.nanolett.8b00006},
	Author = {Pakkiam, Prasanna and House, Matthew G. and Koch, Matthias and Simmons, Michelle Y.},
	Booktitle = {Nano Letters},
	Da = {2018/07/11},
	Date = {2018/07/11},
	Date-Added = {2019-06-21 14:42:58 +1000},
	Date-Modified = {2019-06-21 14:42:58 +1000},
	Doi = {10.1021/acs.nanolett.8b00006},
	Isbn = {1530-6984},
	Journal = {Nano Letters},
	Journal1 = {Nano Lett.},
	M3 = {doi: 10.1021/acs.nanolett.8b00006},
	Month = {07},
	Number = {7},
	Pages = {4081--4085},
	Publisher = {American Chemical Society},
	Title = {Characterization of a Scalable Donor-Based Singlet--Triplet Qubit Architecture in Silicon},
	Ty = {JOUR},
	Url = {https://doi.org/10.1021/acs.nanolett.8b00006},
	Volume = {18},
	Year = {2018},
	Year1 = {2018},
	Bdsk-Url-1 = {https://doi.org/10.1021/acs.nanolett.8b00006}}

@article{Wendin_2017,
	doi = {10.1088/1361-6633/aa7e1a},
	url = {https://doi.org/10.1088%2F1361-6633%2Faa7e1a},
	year = 2017,
	month = {sep},
	publisher = {{IOP} Publishing},
	volume = {80},
	number = {10},
	pages = {106001},
	author = {G Wendin},
	title = {Quantum information processing with superconducting circuits: a review},
	journal = {Reports on Progress in Physics}
}

@article {OBrien1567,
	author = {O{\textquoteright}Brien, Jeremy L.},
	title = {Optical Quantum Computing},
	volume = {318},
	number = {5856},
	pages = {1567--1570},
	year = {2007},
	doi = {10.1126/science.1142892},
	publisher = {American Association for the Advancement of Science},
	issn = {0036-8075},
	URL = {https://science.sciencemag.org/content/318/5856/1567},
	eprint = {https://science.sciencemag.org/content/318/5856/1567.full.pdf},
	journal = {Science}
}
